3131 5032
1266 459 1406 526 Lm.
1452 460 1515 544 1,
1564 464 1642 542 6,
1696 461 1798 529 19.
2369 463 2496 529 325

530 668 644 745 92,
700 668 1021 729 stobaeum
1064 665 1197 727 nol.
1245 664 1380 726 Eth.
1431 685 1491 744 p.
1532 663 1668 726 167.
1749 661 1866 724 Sed
1898 664 2040 725 talia
2072 665 2211 725 satis
2240 669 2482 745 pervul-

529 779 665 850 gata
702 778 862 832 sunt.

605 874 650 959 §
696 875 790 936 19.
870 895 1109 954 eamque
1141 893 1263 932 rem
1292 872 1391 931 illa·
1415 869 1519 950 —)
1599 870 1809 931 Merito
1834 870 2103 932 desertus
2128 882 2218 934 est
2247 875 2482 936 Lambi-

527 996 671 1053 nus,
721 976 830 1056 qui
878 974 1109 1034 sublato
1150 973 1272 1032 r‘em
1288 1017 1306 1048 ,
1344 971 1633 1033 'ediderat
1664 994 1904 1052 eamque
1945 979 2122 1049 νόμον
2157 977 2273 1038 illi.
2356 976 2480 1038 Pri·

526 1099 702 1140 mum
743 1099 835 1139 ren
883 1078 950 1137 in
1001 1084 1357 1156 argumento
1410 1074 1830 1154 disputationis
1877 1085 2043 1138 recte
2090 1080 2374 1157 ponitur,
2416 1092 2485 1143 ut

529 1181 728 1243 Divin.
763 1182 826 1258 l,
867 1181 945 1257 3,
987 1183 1024 1241 5
1056 1181 1159 1239 fin.
1189 1180 1321 1239 Nat.
1357 1177 1426 1238 l).
1462 1178 1528 1255 Ι,
1575 1177 1641 1256 l,
1674 1175 1743 1237 2:
1786 1187 1918 1240 tum
1954 1199 2095 1240 cum
2130 1186 2491 1260 pronomine

530 1285 806 1343 iunctum
834 1281 1091 1361 quodvis
1121 1279 1484 1360 praecedens
1535 1279 1877 1342 subiectum
1920 1283 2147 1344 indicat
2164 1329 2183 1359 ,
2226 1293 2297 1344 ut
2328 1286 2489 1347 bene

528 1395 733 1447 monet
783 1385 976 1447 Beier.
1026 1384 1107 1445 ad
1158 1382 1320 1444 Offic.
1372 1383 1469 1458 11,
1512 1382 1549 1443 4
1569 1428 1589 1459 ,
1636 1383 1730 1445 15.
1828 1383 2071 1445 Praeter
2115 1406 2186 1446 ea
2240 1407 2398 1468 quae
2447 1411 2482 1450 a

528 1491 821 1550 Crenzero
851 1508 888 1548 c
919 1487 1167 1548 Platone
1215 1487 1552 1546 excitantur
1569 1531 1586 1561 ,
1629 1486 1780 1546 utile
1823 1496 1952 1547 erat
1997 1487 2268 1550 indicare
2306 1493 2486 1572 Legg.

533 1593 632 1656 lv.
650 1614 712 1674 p.
729 1593 870 1654 714.
907 1593 980 1654 A.
1009 1618 1042 1651 ι)
1067 1593 1428 1671 imperantes
1458 1598 1736 1669 oportere
1769 1591 2106 1653 imitatione
2134 1593 2301 1653 illius
2331 1595 2491 1656 vitae

533 1722 564 1756 ιο
583 1696 895 1757 Saturniae
914 1695 1119 1756 domos
1141 1695 1536 1774 civitatesque
1554 1713 1795 1773 regere,
1823 1696 1925 1768 τήν
1948 1704 2053 1756 τοῦ
2078 1704 2184 1755 νοῦ
2207 1700 2490 1775 διανομήν

530 1800 1041 1876 »ὅπωομάζονιας
1080 1803 1279 1875 νόμον·
1332 1797 1542 1877 itaque
1589 1797 1758 1876 leges
1793 1817 1936 1859 vere
1971 1818 2096 1859 non
2130 1819 2291 1875 esse,
2332 1821 2491 1881 quac

528 1930 558 1963 υ
576 1902 1028 1984 proficiscantur
1057 1921 1133 1961 ex
1156 1902 1360 1961 animo
1386 1900 1572 1980 pleno
1588 1899 1996 1980 cupiditatum
2013 1910 2076 1962 et
2097 1902 2489 1966 libidinum.’'

605 2006 859 2066 delectus
881 2007 1007 2065 vim
1034 2006 1105 2063 in
1128 2005 1252 2087 loge
1266 2001 1577 2085 ponimus)
1657 2003 1833 2064 Nunc
1857 2004 2108 2085 quidem
2134 2005 2292 2067 hene
2316 2009 2488 2068 omit-

527 2109 676 2169 titur
707 2108 1050 2169 Infinitivus
1081 2129 1232 2167 oue:
1272 2126 1415 2167 nam
1437 2126 1659 2188 ponere
1689 2106 1754 2167 h.
1782 2106 1825 2168 l.
1862 2092 2021 2167 nihil
2053 2108 2224 2169 aliud
2257 2117 2345 2170 est
2373 2111 2492 2170 nisi

524 2211 808 2287 tribuere,
864 2230 990 2271 non
1043 2230 1164 2270 oue
1211 2228 1469 2270 camere.-
1518 2215 1888 2288 postremum
1922 2208 1973 2267 si
2009 2207 2290 2286 dixisset,
2330 2231 2491 2291 quae

524 2321 862 2394 sequnntur
890 2311 1282 2390 tautologiam
1306 2312 1711 2374 continerent.
1791 2310 1914 2372 Hoc
1948 2313 2128 2374 modo
2162 2314 2313 2375 tales
2338 2315 2489 2394 loci,

525 2417 721 2496 qualis
770 2417 873 2476 hic
918 2424 1042 2491 est,
1084 2414 1498 2493 distinguendi
1549 2422 1690 2474 sunt
1745 2414 1822 2475 ab
1856 2414 1967 2493 iis,
2010 2436 2160 2496 quoe
2195 2418 2491 2481 indicavit

528 2520 857 2600 Hadvigius
892 2519 972 2580 ad
1005 2519 1133 2580 Fin.
1167 2540 1229 2598 p.
1267 2520 1408 2580 745.
1447 2538 1533 2598 eq.

604 2646 643 2685 a
691 2624 816 2706 lege
867 2623 1193 2683 ducendum
1245 2632 1333 2682 est
1381 2624 1537 2681 ium
1592 2620 1923 2703 exordium)
2004 2624 2299 2688 Laborare
2337 2638 2486 2708 puto

523 2727 679 2788 hanc
732 2726 1137 2787 Latinitatem.
1232 2724 1417 2785 Recte
1466 2725 1649 2788 modo
1699 2724 1743 2807 §
1794 2724 1870 2785 18
1922 2726 2280 2790 dicebantur
2331 2735 2489 2794 iuris

515 2830 857 2911 principia.-
897 2828 1295 2908 similiterque
1314 2827 1478 2890 Offio.
1502 2828 1633 2904 111,
1657 2828 1751 2905 17,
1772 2828 1881 2904 72,
1918 2839 2132 2893 natura
2148 2835 2488 2913 appellatur

527 2932 683 2992 iuris
708 2933 887 3010 fom:
926 2952 1167 3007 rnrsus,
1207 2931 1416 3010 paullo
1449 2930 1639 3005 infra,
1680 2933 2077 2991 constituendi
2112 2937 2266 2994 iuris
2290 2959 2329 2996 a
2363 2939 2486 3020 lege

526 3055 730 3115 copem
777 3034 1113 3111 exordium,
1155 3043 1217 3095 et
1250 3033 1294 3116 §
1326 3032 1437 3109 20,
1480 3035 1637 3093 iuris
1689 3045 1880 3093 ortum
1931 3057 1970 3094 a
1999 3038 2180 3117 fonte
2215 3051 2482 3119 repetere.

522 3137 640 3199 Sed
690 3139 847 3198 iuris
895 3138 1200 3198 exordium
1244 3138 1452 3197 ducere
1503 3137 1571 3196 in
1613 3137 1826 3216 primis
1857 3138 2188 3217 improprie
2222 3140 2451 3204 dicitur
2467 3191 2485 3220 ,

509 3240 824 3322 siquidem
845 3274 848 3275 ν
870 3241 1176 3301 exordium
1227 3260 1439 3299 earum
1492 3259 1700 3300 rerum
1750 3247 1839 3299 est
1855 3286 1875 3317 ,
1917 3260 2075 3320 quae
2103 3261 2484 3322 progressum

520 3353 584 3407 et
610 3344 857 3406 tandem
883 3344 1322 3405 absolutionem
1354 3343 1586 3403 habent
1601 3389 1621 3419 ,
1659 3343 1816 3403 sicut
1854 3344 2173 3422 orationis,
2213 3355 2322 3407 aut
2357 3348 2483 3408 dis—

518 3448 844 3528 putationis
894 3455 958 3508 et
1005 3446 1294 3507 sermonis
1310 3491 1327 3522 ‚
1385 3445 1834 3525 similiumque,
1891 3453 2026 3505 tum
2072 3447 2291 3525 agendi
2309 3494 2329 3525 ,
2387 3449 2485 3530 (ut

521 3551 919 3611 canuit-nendi
967 3548 1168 3629 iuris.)
1263 3549 1388 3608 Nec
1439 3555 1710 3608 moratur
1764 3568 1865 3608 me
1915 3550 2262 3628 exemplum
2317 3553 2482 3632 apud

523 3652 644 3711 Cic.
677 3650 758 3712 de
789 3652 962 3712 Univ.
996 3670 1127 3729 cap.
1164 3649 1224 3712 2.
1260 3650 1363 3711 fin.
1397 3650 1497 3711 Or.
1531 3648 1812 3733 (rationis
1847 3649 2212 3733 exordium),
2251 3655 2482 3737 quippo

520 3752 690 3834 quod
718 3772 922 3834 neque
963 3753 1204 3815 Graecis
1234 3753 1493 3813 Platonis
1529 3753 1753 3814 Timae.
1788 3774 1850 3833 p.
1884 3753 1990 3814 29.
2021 3754 2087 3816 Β.
2123 3759 2477 3837 respondet,

517 3852 720 3936 neque
764 3875 875 3936 per
903 3876 966 3919 se
1001 3857 1265 3935 intelligi
1302 3864 1527 3935 potest,
1569 3856 1653 3915 ita
1688 3864 1758 3917 ut
1789 3876 2027 3917 summo
2061 3857 2198 3918 iure
2232 3858 2311 3920 de
2347 3862 2478 3921 eius

518 3959 882 4040 integritate
894 3959 1177 4022 dubitare
1210 3960 1420 4020 liceat:
1463 3979 1543 4019 ne
1573 3958 1821 4020 dicam
1804 3980 1930 4038 ipsa
1957 3960 2261 4020 Platonica
2289 3982 2481 4029 meras

515 4063 1165 4155 ‘adr-pontina&
1262 4062 1547 4137 Accedit,
1589 4062 1755 4141 quod
1789 4062 1988 4122 statim
2028 4062 2373 4138 subiicitur,
2410 4087 2482 4125 ea

511 4176 600 4231 m
626 4168 880 4229 eain-
901 4170 1059 4227 iuria
1103 4166 1302 4245 requio
1321 4212 1338 4241 ‚
1381 4183 1675 4245 perquam
1712 4163 2119 4243 ineleganter,
2154 4163 2201 4224 si
2237 4176 2471 4243 praece·
