<?xml version="1.0" encoding="UTF-8"?>
<!DOCTYPE html PUBLIC "-//W3C//DTD XHTML 1.0 Transitional//EN"
    "http://www.w3.org/TR/xhtml1/DTD/xhtml1-transitional.dtd">
<html xmlns="http://www.w3.org/1999/xhtml" xml:lang="en" lang="en">
 <head>
  <title>
</title>
<meta http-equiv="Content-Type" content="text/html;charset=utf-8" />
  <meta name='ocr-system' content='tesseract 3.04.00' />
  <meta name='ocr-capabilities' content='ocr_page ocr_carea ocr_par ocr_line ocrx_word'/>
</head>
<body>
  <div class='ocr_page' id='page_1' title='image "./mtulliiciceroni02bakegoog_0152.png"; bbox 0 0 3131 5032; ppageno 0'>
   <div class='ocr_carea' id='block_1_1' title="bbox 1415 509 1512 583">
    <p class='ocr_par' dir='ltr' id='par_1_1' title="bbox 1415 509 1512 583">
     <span class='ocr_line' id='line_1_1' title="bbox 1415 509 1512 583; baseline 0 0"><span class='ocrx_word' id='word_1_1' title='bbox 1415 509 1512 583; x_wconf 79' lang='lat'><strong>85</strong></span> 
     </span>
    </p>
   </div>
   <div class='ocr_carea' id='block_1_2' title="bbox 451 717 2622 4047">
    <p class='ocr_par' dir='ltr' id='par_1_2' title="bbox 471 717 2604 1180">
     <span class='ocr_line' id='line_1_2' title="bbox 473 717 2422 821; baseline -0.002 -26"><span class='ocrx_word' id='word_1_2' title='bbox 473 721 848 795; x_wconf 88' lang='lat' dir='ltr'><strong>doctrinae</strong></span> <span class='ocrx_word' id='word_1_3' title='bbox 905 719 1188 811; x_wconf 74' lang='lat' dir='ltr'><strong>studiiS,</strong></span> <span class='ocrx_word' id='word_1_4' title='bbox 1237 734 1313 794; x_wconf 88' lang='lat' dir='ltr'><strong>et</strong></span> <span class='ocrx_word' id='word_1_5' title='bbox 1369 717 1685 821; x_wconf 87' lang='lat' dir='ltr'><strong>regenda</strong></span> <span class='ocrx_word' id='word_1_6' title='bbox 1741 724 2025 794; x_wconf 86' lang='lat' dir='ltr'><strong>civitate</strong></span> <span class='ocrx_word' id='word_1_7' title='bbox 2084 724 2422 819; x_wconf 84' lang='lat' dir='ltr'><strong>princeps</strong></span> 
     </span>
     <span class='ocr_line' id='line_1_3' title="bbox 473 839 2430 942; baseline -0.003 -27"><span class='ocrx_word' id='word_1_8' title='bbox 473 855 697 931; x_wconf 80' lang='lat' dir='ltr'><strong>esset,</strong></span> <span class='ocrx_word' id='word_1_9' title='bbox 742 845 908 939; x_wconf 87' lang='lat' dir='ltr'><strong>quis</strong></span> <span class='ocrx_word' id='word_1_10' title='bbox 949 839 1156 914; x_wconf 86' lang='lat' dir='ltr'><strong>facile</strong></span> <span class='ocrx_word' id='word_1_11' title='bbox 1202 854 1489 942; x_wconf 82' lang='lat' dir='ltr'><strong>praeter</strong></span> <span class='ocrx_word' id='word_1_12' title='bbox 1534 840 1736 915; x_wconf 85' lang='lat' dir='ltr'><strong>hune</strong></span> <span class='ocrx_word' id='word_1_13' title='bbox 1778 844 2088 914; x_wconf 85' lang='lat' dir='ltr'><strong>inveniri</strong></span> <span class='ocrx_word' id='word_1_14' title='bbox 2146 839 2430 941; x_wconf 75' lang='lat' dir='ltr'><strong>potest?</strong></span> 
     </span>
     <span class='ocr_line' id='line_1_4' title="bbox 471 959 2622 1100; baseline -0 -68"><span class='ocrx_word' id='word_1_15' title='bbox 471 964 619 1033; x_wconf 78' lang='lat' dir='ltr'><strong>Att.</strong></span> <span class='ocrx_word' id='word_1_16' title='bbox 668 965 852 1033; x_wconf 87' lang='lat' dir='ltr'><strong>Puto</strong></span> <span class='ocrx_word' id='word_1_17' title='bbox 909 983 1150 1059; x_wconf 78' lang='lat' dir='ltr'><strong>posse,</strong></span> <span class='ocrx_word' id='word_1_18' title='bbox 1199 974 1274 1033; x_wconf 92' lang='lat' dir='ltr'><strong>et</strong></span> <span class='ocrx_word' id='word_1_19' title='bbox 1320 959 1620 1059; x_wconf 89' lang='lat' dir='ltr'><strong>quidem</strong></span> <span class='ocrx_word' id='word_1_20' title='bbox 1672 960 1989 1060; x_wconf 84' lang='lat' dir='ltr'>aliquem</span> <span class='ocrx_word' id='word_1_21' title='bbox 2047 960 2140 1033; x_wconf 91' lang='lat' dir='ltr'><strong>de</strong></span> <span class='ocrx_word' id='word_1_22' title='bbox 2194 959 2433 1033; x_wconf 85' lang='lat' dir='ltr'><strong>tribus</strong></span> <span class='ocrx_word' id='word_1_23' title='bbox 2504 977 2622 1100; x_wconf 83' lang='lat' dir='ltr'><strong>¹vn.</strong></span> 
     </span>
     <span class='ocr_line' id='line_1_5' title="bbox 472 1079 1759 1180; baseline 0.002 -29"><span class='ocrx_word' id='word_1_24' title='bbox 472 1079 727 1152; x_wconf 75' lang='lat' dir='ltr'><strong>nobis·</strong></span> <span class='ocrx_word' id='word_1_25' title='bbox 806 1079 947 1153; x_wconf 86' lang='lat' dir='ltr'><strong>Sed</strong></span> <span class='ocrx_word' id='word_1_26' title='bbox 997 1103 1219 1180; x_wconf 85' lang='lat' dir='ltr'><strong>perge</strong></span> <span class='ocrx_word' id='word_1_27' title='bbox 1263 1093 1350 1151; x_wconf 86' lang='lat' dir='ltr'><strong>ut</strong></span> <span class='ocrx_word' id='word_1_28' title='bbox 1398 1103 1759 1179; x_wconf 79' lang='lat' dir='ltr'>coeperas.</span> 
     </span>
    </p>

    <p class='ocr_par' dir='ltr' id='par_1_3' title="bbox 451 1197 2586 4047">
     <span class='ocr_line' id='line_1_6' title="bbox 571 1197 2435 1298; baseline -0.001 -26"><span class='ocrx_word' id='word_1_29' title='bbox 571 1203 671 1272; x_wconf 83' lang='lat' dir='ltr'><strong>M.</strong></span> <span class='ocrx_word' id='word_1_30' title='bbox 720 1201 1146 1292; x_wconf 82' lang='lat' dir='ltr'><strong>Quaesitum</strong></span> <span class='ocrx_word' id='word_1_31' title='bbox 1197 1203 1422 1298; x_wconf 86' lang='lat' dir='ltr'><strong>igitur</strong></span> <span class='ocrx_word' id='word_1_32' title='bbox 1473 1198 1570 1272; x_wconf 88' lang='lat' dir='ltr'><strong>ab</strong></span> <span class='ocrx_word' id='word_1_33' title='bbox 1623 1199 1758 1272; x_wconf 86' lang='lat' dir='ltr'><strong>illis</strong></span> <span class='ocrx_word' id='word_1_34' title='bbox 1801 1213 1909 1272; x_wconf 82' lang='lat' dir='ltr'><strong>est</strong></span> <span class='ocrx_word' id='word_1_35' title='bbox 1933 1209 1956 1249; x_wconf 83' lang='lat'><strong>¹</strong></span> <span class='ocrx_word' id='word_1_36' title='bbox 2022 1197 2435 1298; x_wconf 44' lang='lat' dir='ltr'><strong>placeretne</strong></span> 
     </span>
     <span class='ocr_line' id='line_1_7' title="bbox 471 1316 2434 1417; baseline -0.001 -26"><span class='ocrx_word' id='word_1_37' title='bbox 471 1342 707 1392; x_wconf 83' lang='lat' dir='ltr'><strong>unum</strong></span> <span class='ocrx_word' id='word_1_38' title='bbox 753 1322 831 1392; x_wconf 89' lang='lat' dir='ltr'><strong>in</strong></span> <span class='ocrx_word' id='word_1_39' title='bbox 878 1322 1164 1393; x_wconf 81' lang='lat' dir='ltr'><strong>civitate</strong></span> <span class='ocrx_word' id='word_1_40' title='bbox 1215 1316 1368 1392; x_wconf 78' lang='lat' dir='ltr'><strong>es&#39;se</strong></span> <span class='ocrx_word' id='word_1_41' title='bbox 1415 1321 1948 1417; x_wconf 86' lang='lat' dir='ltr'><strong>magistratum,</strong></span> <span class='ocrx_word' id='word_1_42' title='bbox 1998 1320 2118 1390; x_wconf 85' lang='lat' dir='ltr'><strong>cui</strong></span> <span class='ocrx_word' id='word_1_43' title='bbox 2167 1317 2434 1415; x_wconf 83' lang='lat' dir='ltr'>reliqui</span> 
     </span>
     <span class='ocr_line' id='line_1_8' title="bbox 471 1437 2437 1539; baseline 0 -29"><span class='ocrx_word' id='word_1_44' title='bbox 471 1453 839 1539; x_wconf 80' lang='lat' dir='ltr'><strong>parerent3</strong></span> <span class='ocrx_word' id='word_1_45' title='bbox 854 1437 1084 1538; x_wconf 85' lang='lat' dir='ltr'><strong>quod,&#39;</strong></span> <span class='ocrx_word' id='word_1_46' title='bbox 1100 1442 1366 1513; x_wconf 82' lang='lat' dir='ltr'><strong>exactis</strong></span> <span class='ocrx_word' id='word_1_47' title='bbox 1391 1437 1713 1538; x_wconf 83' lang='lat' dir='ltr'><strong>regibus,</strong></span> <span class='ocrx_word' id='word_1_48' title='bbox 1731 1438 2057 1537; x_wconf 80' lang='lat' dir='ltr'><strong>intelligo</strong></span> <span class='ocrx_word' id='word_1_49' title='bbox 2078 1437 2437 1537; x_wconf 79' lang='lat' dir='ltr'><strong>placuisse</strong></span> 
     </span>
     <span class='ocr_line' id='line_1_9' title="bbox 469 1557 2433 1657; baseline 0.001 -28"><span class='ocrx_word' id='word_1_50' title='bbox 469 1561 738 1630; x_wconf 80' lang='lat' dir='ltr'><strong>nostris</strong></span> <span class='ocrx_word' id='word_1_51' title='bbox 782 1557 1208 1633; x_wconf 82' lang='lat' dir='ltr'><strong>maioribus:</strong></span> <span class='ocrx_word' id='word_1_52' title='bbox 1257 1558 1414 1650; x_wconf 84' lang='lat' dir='ltr'><strong>sed,</strong></span> <span class='ocrx_word' id='word_1_53' title='bbox 1463 1562 1813 1657; x_wconf 86' lang='lat' dir='ltr'><strong>quoniam</strong></span> <span class='ocrx_word' id='word_1_54' title='bbox 1851 1557 2084 1657; x_wconf 86' lang='lat' dir='ltr'><strong>regale</strong></span> <span class='ocrx_word' id='word_1_55' title='bbox 2123 1560 2433 1631; x_wconf 86' lang='lat' dir='ltr'><strong>civitatis</strong></span> 
     </span>
     <span class='ocr_line' id='line_1_10' title="bbox 469 1679 2430 1780; baseline -0.001 -29"><span class='ocrx_word' id='word_1_56' title='bbox 469 1702 737 1778; x_wconf 70' lang='lat' dir='ltr'><strong>geum,</strong></span> <span class='ocrx_word' id='word_1_57' title='bbox 801 1680 1193 1780; x_wconf 88' lang='lat' dir='ltr'><strong>probatum</strong></span> <span class='ocrx_word' id='word_1_58' title='bbox 1260 1679 1667 1778; x_wconf 64' lang='lat' dir='ltr'><strong>quondam,‘</strong></span> <span class='ocrx_word' id='word_1_59' title='bbox 1737 1691 1993 1778; x_wconf 84' lang='lat' dir='ltr'><strong>postea</strong></span> <span class='ocrx_word' id='word_1_60' title='bbox 2051 1701 2207 1750; x_wconf 88' lang='lat' dir='ltr'><strong>non</strong></span> <span class='ocrx_word' id='word_1_61' title='bbox 2280 1691 2430 1750; x_wconf 87' lang='lat' dir='ltr'><strong>tam</strong></span> 
     </span>
     <span class='ocr_line' id='line_1_11' title="bbox 467 1798 2432 1900; baseline -0.002 -28"><span class='ocrx_word' id='word_1_62' title='bbox 467 1802 676 1899; x_wconf 79' lang='lat' dir='ltr'><strong>regni</strong></span> <span class='ocrx_word' id='word_1_63' title='bbox 727 1824 948 1898; x_wconf 89' lang='lat' dir='ltr'><strong>quam</strong></span> <span class='ocrx_word' id='word_1_64' title='bbox 1003 1803 1193 1900; x_wconf 81' lang='lat' dir='ltr'><strong>regis</strong></span> <span class='ocrx_word' id='word_1_65' title='bbox 1234 1803 1421 1873; x_wconf 85' lang='lat' dir='ltr'><strong>vitiis</strong></span> <span class='ocrx_word' id='word_1_66' title='bbox 1466 1798 1926 1900; x_wconf 88' lang='lat' dir='ltr'><strong>repudiatum</strong></span> <span class='ocrx_word' id='word_1_67' title='bbox 1964 1809 2104 1887; x_wconf 82' lang='lat' dir='ltr'><strong>est,</strong></span> <span class='ocrx_word' id='word_1_68' title='bbox 2153 1820 2432 1869; x_wconf 86' lang='lat' dir='ltr'><strong>nomen</strong></span> 
     </span>
     <span class='ocr_line' id='line_1_12' title="bbox 467 1914 2431 2020; baseline -0.002 -29"><span class='ocrx_word' id='word_1_69' title='bbox 467 1930 754 1992; x_wconf 85' lang='lat' dir='ltr'><strong>tantum</strong></span> <span class='ocrx_word' id='word_1_70' title='bbox 780 1918 1145 1993; x_wconf 84' lang='lat' dir='ltr'><strong>videbitur</strong></span> <span class='ocrx_word' id='word_1_71' title='bbox 1175 1924 1365 2020; x_wconf 81' lang='lat' dir='ltr'><strong>regis</strong></span> <span class='ocrx_word' id='word_1_72' title='bbox 1391 1919 1888 2020; x_wconf 85' lang='lat' dir='ltr'><strong>repudiatum,</strong></span> <span class='ocrx_word' id='word_1_73' title='bbox 1922 1941 2039 1990; x_wconf 85' lang='lat' dir='ltr'><strong>res</strong></span> <span class='ocrx_word' id='word_1_74' title='bbox 2072 1914 2431 2007; x_wconf 86' lang='lat' dir='ltr'><strong>manebit,</strong></span> 
     </span>
     <span class='ocr_line' id='line_1_13' title="bbox 466 2034 2427 2140; baseline -0.002 -30"><span class='ocrx_word' id='word_1_75' title='bbox 466 2040 528 2110; x_wconf 77' lang='lat' dir='ltr'><strong>si</strong></span> <span class='ocrx_word' id='word_1_76' title='bbox 554 2062 750 2111; x_wconf 80' lang='lat' dir='ltr'><strong>unus</strong></span> <span class='ocrx_word' id='word_1_77' title='bbox 769 2042 1112 2115; x_wconf 83' lang='lat' dir='ltr'><strong>omnibus</strong></span> <span class='ocrx_word' id='word_1_78' title='bbox 1133 2040 1426 2140; x_wconf 80' lang='lat' dir='ltr'><strong>reliquis</strong></span> <span class='ocrx_word' id='word_1_79' title='bbox 1452 2038 1987 2140; x_wconf 83' lang='lat' dir='ltr'><strong>magistratibus</strong></span> <span class='ocrx_word' id='word_1_80' title='bbox 2013 2034 2427 2137; x_wconf 81' lang='lat' dir='ltr'><strong>imperabit.</strong></span> 
     </span>
     <span class='ocr_line' id='line_1_14' title="bbox 465 2158 2586 2260; baseline -0.001 -29"><span class='ocrx_word' id='word_1_81' title='bbox 465 2158 712 2248; x_wconf 83' lang='lat' dir='ltr'><strong>Quare</strong></span> <span class='ocrx_word' id='word_1_82' title='bbox 775 2183 914 2233; x_wconf 87' lang='lat' dir='ltr'><strong>nec</strong></span> <span class='ocrx_word' id='word_1_83' title='bbox 978 2158 1237 2260; x_wconf 86' lang='lat' dir='ltr'><strong>ephori</strong></span> <span class='ocrx_word' id='word_1_84' title='bbox 1296 2159 1836 2234; x_wconf 82' lang='lat' dir='ltr'><strong>Lacedaemone</strong></span> <span class='ocrx_word' id='word_1_85' title='bbox 1903 2160 2062 2229; x_wconf 82' lang='lat' dir='ltr'><strong>sine</strong></span> <span class='ocrx_word' id='word_1_86' title='bbox 2117 2160 2351 2228; x_wconf 75' lang='lat' dir='ltr'><strong>causa·</strong></span> <span class='ocrx_word' id='word_1_87' title='bbox 2386 2179 2430 2227; x_wconf 89' lang='lat' dir='ltr'><strong>a</strong></span> <span class='ocrx_word' id='word_1_88' title='bbox 2495 2174 2586 2229; x_wconf 73' lang='lat'><strong>16.</strong></span> 
     </span>
     <span class='ocr_line' id='line_1_15' title="bbox 461 2275 2433 2380; baseline -0.002 -31"><span class='ocrx_word' id='word_1_89' title='bbox 461 2276 941 2379; x_wconf 86' lang='lat' dir='ltr'><strong>Theopompo</strong></span> <span class='ocrx_word' id='word_1_90' title='bbox 976 2283 1295 2380; x_wconf 87' lang='lat' dir='ltr'><strong>oppositi</strong></span> <span class='ocrx_word' id='word_1_91' title='bbox 1331 2280 1655 2380; x_wconf 77' lang='lat' dir='ltr'><strong>regibus,</strong></span> <span class='ocrx_word' id='word_1_92' title='bbox 1693 2303 1832 2352; x_wconf 89' lang='lat' dir='ltr'><strong>nec</strong></span> <span class='ocrx_word' id='word_1_93' title='bbox 1864 2275 2061 2377; x_wconf 88' lang='lat' dir='ltr'><strong>apud</strong></span> <span class='ocrx_word' id='word_1_94' title='bbox 2091 2300 2228 2348; x_wconf 89' lang='lat' dir='ltr'><strong>nos</strong></span> <span class='ocrx_word' id='word_1_95' title='bbox 2260 2299 2433 2347; x_wconf 84' lang='lat' dir='ltr'><strong>con-</strong></span> 
     </span>
     <span class='ocr_line' id='line_1_16' title="bbox 463 2394 2430 2499; baseline -0.001 -29"><span class='ocrx_word' id='word_1_96' title='bbox 463 2396 743 2471; x_wconf 74' lang='lat' dir='ltr'><strong>sulibus</strong></span> <span class='ocrx_word' id='word_1_97' title='bbox 772 2398 1071 2473; x_wconf 84' lang='lat' dir='ltr'><strong>tribuni.</strong></span> <span class='ocrx_word' id='word_1_98' title='bbox 1159 2403 1342 2473; x_wconf 85' lang='lat' dir='ltr'><strong>Nam</strong></span> <span class='ocrx_word' id='word_1_99' title='bbox 1375 2400 1555 2473; x_wconf 88' lang='lat' dir='ltr'><strong>illud</strong></span> <span class='ocrx_word' id='word_1_100' title='bbox 1583 2398 1883 2499; x_wconf 87' lang='lat' dir='ltr'><strong>quidem</strong></span> <span class='ocrx_word' id='word_1_101' title='bbox 1914 2400 2187 2497; x_wconf 87' lang='lat' dir='ltr'><strong>ipsum,</strong></span> <span class='ocrx_word' id='word_1_102' title='bbox 2224 2394 2430 2491; x_wconf 85' lang='lat' dir='ltr'><strong>quod</strong></span> 
     </span>
     <span class='ocr_line' id='line_1_17' title="bbox 465 2512 2427 2617; baseline -0.002 -29"><span class='ocrx_word' id='word_1_103' title='bbox 465 2518 541 2588; x_wconf 87' lang='lat' dir='ltr'><strong>in</strong></span> <span class='ocrx_word' id='word_1_104' title='bbox 589 2520 750 2590; x_wconf 87' lang='lat' dir='ltr'><strong>iure</strong></span> <span class='ocrx_word' id='word_1_105' title='bbox 794 2522 1115 2617; x_wconf 82' lang='lat' dir='ltr'><strong>positum</strong></span> <span class='ocrx_word' id='word_1_106' title='bbox 1153 2534 1296 2610; x_wconf 80' lang='lat' dir='ltr'><strong>est,</strong></span> <span class='ocrx_word' id='word_1_107' title='bbox 1333 2518 1570 2593; x_wconf 73' lang='lat' dir='ltr'><strong>&#39;habet</strong></span> <span class='ocrx_word' id='word_1_108' title='bbox 1607 2516 1895 2608; x_wconf 87' lang='lat' dir='ltr'><strong>consul,</strong></span> <span class='ocrx_word' id='word_1_109' title='bbox 1944 2530 2028 2588; x_wconf 89' lang='lat' dir='ltr'><strong>ut</strong></span> <span class='ocrx_word' id='word_1_110' title='bbox 2065 2520 2134 2588; x_wconf 92' lang='lat' dir='ltr'><strong>ei</strong></span> <span class='ocrx_word' id='word_1_111' title='bbox 2166 2512 2427 2612; x_wconf 86' lang='lat' dir='ltr'><strong>reliqui</strong></span> 
     </span>
     <span class='ocr_line' id='line_1_18' title="bbox 463 2633 2425 2738; baseline -0.002 -30"><span class='ocrx_word' id='word_1_112' title='bbox 463 2640 924 2734; x_wconf 82' lang='lat' dir='ltr'><strong>magistratus</strong></span> <span class='ocrx_word' id='word_1_113' title='bbox 955 2661 1210 2711; x_wconf 84' lang='lat' dir='ltr'><strong>omnes</strong></span> <span class='ocrx_word' id='word_1_114' title='bbox 1243 2652 1547 2738; x_wconf 84' lang='lat' dir='ltr'><strong>pareant</strong></span> <span class='ocrx_word' id='word_1_115' title='bbox 1582 2649 1886 2737; x_wconf 87' lang='lat' dir='ltr'><strong>excepto</strong></span> <span class='ocrx_word' id='word_1_116' title='bbox 1921 2633 2254 2724; x_wconf 84' lang='lat' dir='ltr'><strong>tribuno,</strong></span> <span class='ocrx_word' id='word_1_117' title='bbox 2290 2637 2425 2732; x_wconf 91' lang='lat' dir='ltr'><strong>qui</strong></span> 
     </span>
     <span class='ocr_line' id='line_1_19' title="bbox 462 2756 2423 2855; baseline -0.001 -29"><span class='ocrx_word' id='word_1_118' title='bbox 462 2768 632 2853; x_wconf 77' lang='lat' dir='ltr'><strong>post</strong></span> <span class='ocrx_word' id='word_1_119' title='bbox 662 2759 964 2846; x_wconf 76' lang='lat' dir='ltr'><strong>exstitit,</strong></span> <span class='ocrx_word' id='word_1_120' title='bbox 1001 2780 1095 2830; x_wconf 87' lang='lat' dir='ltr'><strong>ne</strong></span> <span class='ocrx_word' id='word_1_121' title='bbox 1132 2756 1204 2829; x_wconf 87' lang='lat' dir='ltr'><strong>id</strong></span> <span class='ocrx_word' id='word_1_122' title='bbox 1241 2756 1443 2855; x_wconf 88' lang='lat' dir='ltr'><strong>quod</strong></span> <span class='ocrx_word' id='word_1_123' title='bbox 1477 2756 1715 2830; x_wconf 84' lang='lat' dir='ltr'><strong>fuerat</strong></span> <span class='ocrx_word' id='word_1_124' title='bbox 1745 2768 1955 2829; x_wconf 84' lang='lat' dir='ltr'><strong>esset.</strong></span> <span class='ocrx_word' id='word_1_125' title='bbox 2035 2759 2190 2826; x_wconf 88' lang='lat' dir='ltr'><strong>Hoc</strong></span> <span class='ocrx_word' id='word_1_126' title='bbox 2221 2757 2423 2827; x_wconf 78' lang='lat' dir='ltr'><strong>&#39;enim</strong></span> 
     </span>
     <span class='ocr_line' id='line_1_20' title="bbox 462 2873 2423 2972; baseline -0.001 -28"><span class='ocrx_word' id='word_1_127' title='bbox 462 2876 780 2972; x_wconf 87' lang='lat' dir='ltr'><strong>primum</strong></span> <span class='ocrx_word' id='word_1_128' title='bbox 815 2879 1078 2949; x_wconf 86' lang='lat' dir='ltr'><strong>minuit</strong></span> <span class='ocrx_word' id='word_1_129' title='bbox 1116 2876 1493 2949; x_wconf 86' lang='lat' dir='ltr'><strong>consulare</strong></span> <span class='ocrx_word' id='word_1_130' title='bbox 1529 2880 1678 2967; x_wconf 84' lang='lat' dir='ltr'><strong>ius,</strong></span> <span class='ocrx_word' id='word_1_131' title='bbox 1728 2873 1943 2972; x_wconf 83' lang='lat' dir='ltr'><strong>quod.</strong></span> <span class='ocrx_word' id='word_1_132' title='bbox 1968 2876 2242 2945; x_wconf 82' lang='lat' dir='ltr'><strong>exstitit</strong></span> <span class='ocrx_word' id='word_1_133' title='bbox 2265 2875 2423 2970; x_wconf 81' lang='lat' dir='ltr'><strong>ipse</strong></span> 
     </span>
     <span class='ocr_line' id='line_1_21' title="bbox 459 2991 2425 3092; baseline -0.001 -29"><span class='ocrx_word' id='word_1_134' title='bbox 459 2996 596 3089; x_wconf 85' lang='lat' dir='ltr'><strong>qui</strong></span> <span class='ocrx_word' id='word_1_135' title='bbox 626 3016 717 3065; x_wconf 90' lang='lat' dir='ltr'><strong>eo</strong></span> <span class='ocrx_word' id='word_1_136' title='bbox 743 3018 892 3066; x_wconf 85' lang='lat' dir='ltr'><strong>non</strong></span> <span class='ocrx_word' id='word_1_137' title='bbox 917 3003 1335 3088; x_wconf 72' lang='lat' dir='ltr'><strong>&#39;teneretur-3</strong></span> <span class='ocrx_word' id='word_1_138' title='bbox 1373 2994 1670 3085; x_wconf 87' lang='lat' dir='ltr'><strong>deiude,</strong></span> <span class='ocrx_word' id='word_1_139' title='bbox 1707 2991 1927 3092; x_wconf 89' lang='lat' dir='ltr'><strong>quod·</strong></span> <span class='ocrx_word' id='word_1_140' title='bbox 1945 2991 2189 3065; x_wconf 86' lang='lat' dir='ltr'><strong>attulit</strong></span> <span class='ocrx_word' id='word_1_141' title='bbox 2225 2991 2425 3063; x_wconf 85' lang='lat' dir='ltr'><strong>auxi-</strong></span> 
     </span>
     <span class='ocr_line' id='line_1_22' title="bbox 454 3110 2416 3216; baseline 0 -33"><span class='ocrx_word' id='word_1_142' title='bbox 454 3110 639 3185; x_wconf 89' lang='lat' dir='ltr'><strong>lium</strong></span> <span class='ocrx_word' id='word_1_143' title='bbox 664 3113 995 3213; x_wconf 74' lang='lat' dir='ltr'><strong>reliquiS,</strong></span> <span class='ocrx_word' id='word_1_144' title='bbox 1027 3140 1179 3188; x_wconf 88' lang='lat' dir='ltr'><strong>non</strong></span> <span class='ocrx_word' id='word_1_145' title='bbox 1206 3115 1427 3189; x_wconf 91' lang='lat' dir='ltr'><strong>modo</strong></span> <span class='ocrx_word' id='word_1_146' title='bbox 1451 3113 2021 3216; x_wconf 72' lang='lat' dir='ltr'><strong>magistratibus»,</strong></span> <span class='ocrx_word' id='word_1_147' title='bbox 2053 3110 2179 3185; x_wconf 82' lang='lat' dir='ltr'><strong>sed</strong></span> <span class='ocrx_word' id='word_1_148' title='bbox 2200 3114 2416 3183; x_wconf 86' lang='lat' dir='ltr'><strong>etiam</strong></span> 
     </span>
     <span class='ocr_line' id='line_1_23' title="bbox 452 3233 2582 3337; baseline 0 -33"><span class='ocrx_word' id='word_1_149' title='bbox 452 3233 749 3330; x_wconf 80' lang='lat' dir='ltr'><strong>privatis</strong></span> <span class='ocrx_word' id='word_1_150' title='bbox 808 3234 1088 3307; x_wconf 84' lang='lat' dir='ltr'><strong>consuli</strong></span> <span class='ocrx_word' id='word_1_151' title='bbox 1141 3260 1293 3308; x_wconf 89' lang='lat' dir='ltr'><strong>non</strong></span> <span class='ocrx_word' id='word_1_152' title='bbox 1348 3234 1791 3337; x_wconf 84' lang='lat' dir='ltr'><strong>parentibus.</strong></span> <span class='ocrx_word' id='word_1_153' title='bbox 1905 3233 1994 3324; x_wconf 88' lang='lat' dir='ltr'><strong>Q.</strong></span> <span class='ocrx_word' id='word_1_154' title='bbox 2067 3236 2419 3330; x_wconf 86' lang='lat' dir='ltr'><strong>Magnum</strong></span> <span class='ocrx_word' id='word_1_155' title='bbox 2517 3241 2582 3304; x_wconf 83' lang='grc'><strong>’1.</strong></span> 
     </span>
     <span class='ocr_line' id='line_1_24' title="bbox 452 3348 2415 3455; baseline 0.002 -34"><span class='ocrx_word' id='word_1_156' title='bbox 452 3348 635 3425; x_wconf 81' lang='lat' dir='ltr'><strong>dicis</strong></span> <span class='ocrx_word' id='word_1_157' title='bbox 667 3352 959 3428; x_wconf 87' lang='lat' dir='ltr'><strong>malum.</strong></span> <span class='ocrx_word' id='word_1_158' title='bbox 1057 3358 1276 3447; x_wconf 84' lang='lat' dir='ltr'><strong>Nam,</strong></span> <span class='ocrx_word' id='word_1_159' title='bbox 1308 3359 1443 3429; x_wconf 88' lang='lat' dir='ltr'><strong>ista</strong></span> <span class='ocrx_word' id='word_1_160' title='bbox 1475 3367 1834 3455; x_wconf 86' lang='lat' dir='ltr'><strong>potestate</strong></span> <span class='ocrx_word' id='word_1_161' title='bbox 1869 3366 2038 3426; x_wconf 88' lang='lat' dir='ltr'><strong>nata</strong></span> <span class='ocrx_word' id='word_1_162' title='bbox 2055 3404 2077 3443; x_wconf 92' lang='lat'><em>‚</em></span> <span class='ocrx_word' id='word_1_163' title='bbox 2107 3355 2415 3451; x_wconf 83' lang='lat' dir='ltr'><strong>gravitas</strong></span> 
     </span>
     <span class='ocr_line' id='line_1_25' title="bbox 454 3470 2416 3572; baseline 0.001 -30"><span class='ocrx_word' id='word_1_164' title='bbox 454 3473 914 3569; x_wconf 90' lang='lat' dir='ltr'><strong>optimatium</strong></span> <span class='ocrx_word' id='word_1_165' title='bbox 960 3475 1219 3548; x_wconf 86' lang='lat' dir='ltr'><strong>cecidit</strong></span> <span class='ocrx_word' id='word_1_166' title='bbox 1234 3527 1256 3566; x_wconf 92' lang='lat'><strong><em>‚</em></strong></span> <span class='ocrx_word' id='word_1_167' title='bbox 1306 3475 1815 3572; x_wconf 87' lang='lat' dir='ltr'><strong>convaluitque</strong></span> <span class='ocrx_word' id='word_1_168' title='bbox 1853 3476 1966 3545; x_wconf 84' lang='lat' dir='ltr'><strong>ius</strong></span> <span class='ocrx_word' id='word_1_169' title='bbox 2012 3470 2416 3543; x_wconf 87' lang='lat' dir='ltr'><strong>multitudi-</strong></span> 
     </span>
     <span class='ocr_line' id='line_1_26' title="bbox 452 3592 2411 3688; baseline 0.001 -28"><span class='ocrx_word' id='word_1_170' title='bbox 452 3592 592 3661; x_wconf 72' lang='lat' dir='ltr'><strong>nis·</strong></span> <span class='ocrx_word' id='word_1_171' title='bbox 670 3595 770 3664; x_wconf 88' lang='grc' dir='ltr'><strong>Μ.</strong></span> <span class='ocrx_word' id='word_1_172' title='bbox 809 3596 976 3668; x_wconf 80' lang='lat' dir='ltr'><strong>Non</strong></span> <span class='ocrx_word' id='word_1_173' title='bbox 1024 3608 1168 3686; x_wconf 80' lang='lat' dir='ltr'><strong>est,</strong></span> <span class='ocrx_word' id='word_1_174' title='bbox 1216 3598 1522 3688; x_wconf 87' lang='lat' dir='ltr'><strong>Quinte,</strong></span> <span class='ocrx_word' id='word_1_175' title='bbox 1558 3598 1661 3667; x_wconf 87' lang='lat' dir='ltr'><strong>ita</strong></span> <span class='ocrx_word' id='word_1_176' title='bbox 1683 3607 1738 3665; x_wconf 85' lang='lat'><strong>².</strong></span> <span class='ocrx_word' id='word_1_177' title='bbox 1809 3595 1974 3666; x_wconf 83' lang='lat' dir='ltr'><strong>Non</strong></span> <span class='ocrx_word' id='word_1_178' title='bbox 2013 3593 2125 3663; x_wconf 86' lang='lat' dir='ltr'><strong>ius</strong></span> <span class='ocrx_word' id='word_1_179' title='bbox 2160 3594 2358 3663; x_wconf 89' lang='lat' dir='ltr'><strong>enim</strong></span> <span class='ocrx_word' id='word_1_180' title='bbox 2383 3605 2411 3645; x_wconf 82' lang='lat'>⁸</span> 
     </span>
     <span class='ocr_line' id='line_1_27' title="bbox 451 3707 2416 3816; baseline 0.001 -37"><span class='ocrx_word' id='word_1_181' title='bbox 451 3707 634 3782; x_wconf 86' lang='lat' dir='ltr'><strong>illud</strong></span> <span class='ocrx_word' id='word_1_182' title='bbox 654 3712 892 3786; x_wconf 77' lang='lat' dir='ltr'><strong>solum</strong></span> <span class='ocrx_word' id='word_1_183' title='bbox 914 3715 1299 3814; x_wconf 86' lang='lat' dir='ltr'><strong>superbius</strong></span> <span class='ocrx_word' id='word_1_184' title='bbox 1314 3714 1612 3816; x_wconf 90' lang='lat' dir='ltr'><strong>populo,</strong></span> <span class='ocrx_word' id='word_1_185' title='bbox 1638 3712 1766 3786; x_wconf 81' lang='lat' dir='ltr'><strong>sed</strong></span> <span class='ocrx_word' id='word_1_186' title='bbox 1784 3711 2169 3785; x_wconf 76' lang='lat' dir='ltr'><strong>violentius</strong></span> <span class='ocrx_word' id='word_1_187' title='bbox 2188 3709 2416 3783; x_wconf 84' lang='lat' dir='ltr'><strong>videri</strong></span> 
     </span>
     <span class='ocr_line' id='line_1_28' title="bbox 455 3831 2415 3934; baseline 0.001 -35"><span class='ocrx_word' id='word_1_188' title='bbox 455 3850 753 3902; x_wconf 80' lang='lat' dir='ltr'><strong>necesse</strong></span> <span class='ocrx_word' id='word_1_189' title='bbox 786 3846 970 3905; x_wconf 87' lang='lat' dir='ltr'><strong>erat:</strong></span> <span class='ocrx_word' id='word_1_190' title='bbox 1006 3857 1160 3932; x_wconf 90' lang='lat' dir='ltr'><strong>quo</strong></span> <span class='ocrx_word' id='word_1_191' title='bbox 1193 3847 1668 3934; x_wconf 67' lang='lat' dir='ltr'><strong>posteaquam</strong></span> <span class='ocrx_word' id='word_1_192' title='bbox 1704 3831 1989 3905; x_wconf 87' lang='lat' dir='ltr'><strong>modica</strong></span> <span class='ocrx_word' id='word_1_193' title='bbox 2024 3844 2099 3904; x_wconf 90' lang='lat' dir='ltr'><strong>et</strong></span> <span class='ocrx_word' id='word_1_194' title='bbox 2131 3833 2415 3929; x_wconf 87' lang='lat' dir='ltr'><strong>sapiens</strong></span> 
     </span>
     <span class='ocr_line' id='line_1_29' title="bbox 457 3952 2413 4047; baseline -0.001 -27"><span class='ocrx_word' id='word_1_195' title='bbox 457 3954 890 4047; x_wconf 88' lang='lat' dir='ltr'><strong>temperatio</strong></span> <span class='ocrx_word' id='word_1_196' title='bbox 944 3958 1242 4028; x_wconf 79' lang='lat' dir='ltr'><strong>accessit</strong></span> <span class='ocrx_word' id='word_1_197' title='bbox 1304 3978 1650 4028; x_wconf 78' lang='lat' dir='ltr'><strong>conversa</strong></span> <span class='ocrx_word' id='word_1_198' title='bbox 1704 3952 1819 4026; x_wconf 86' lang='lat' dir='ltr'><strong>lex</strong></span> <span class='ocrx_word' id='word_1_199' title='bbox 1866 3956 1945 4024; x_wconf 89' lang='lat' dir='ltr'><strong>iu</strong></span> <span class='ocrx_word' id='word_1_200' title='bbox 1985 3973 2239 4022; x_wconf 80' lang='lat' dir='ltr'><strong>omnes</strong></span> <span class='ocrx_word' id='word_1_201' title='bbox 2284 3962 2413 4021; x_wconf 90' lang='lat' dir='ltr'><strong>est.</strong></span> 
     </span>
    </p>
   </div>
   <div class='ocr_carea' id='block_1_3' title="bbox 518 4219 2016 4294">
    <p class='ocr_par' dir='ltr' id='par_1_4' title="bbox 518 4219 2016 4294">
     <span class='ocr_line' id='line_1_30' title="bbox 518 4219 2016 4294; baseline -0.003 -18"><span class='ocrx_word' id='word_1_202' title='bbox 518 4222 538 4261; x_wconf 78' lang='grc' dir='ltr'>Ι</span> <span class='ocrx_word' id='word_1_203' title='bbox 574 4231 657 4276; x_wconf 70' lang='lat' dir='ltr'><strong>est</strong></span> <span class='ocrx_word' id='word_1_204' title='bbox 688 4223 850 4294; x_wconf 65' lang='lat' dir='ltr'><strong>igitur</strong></span> <span class='ocrx_word' id='word_1_205' title='bbox 884 4223 952 4279; x_wconf 68' lang='lat' dir='ltr'><strong>ab</strong></span> <span class='ocrx_word' id='word_1_206' title='bbox 984 4224 1113 4279; x_wconf 69' lang='lat' dir='ltr'><strong>mis.</strong></span> <span class='ocrx_word' id='word_1_207' title='bbox 1186 4228 1211 4266; x_wconf 78' lang='lat'><strong>¹</strong></span> <span class='ocrx_word' id='word_1_208' title='bbox 1246 4227 1350 4290; x_wconf 72' lang='lat' dir='ltr'><strong>itu,</strong></span> <span class='ocrx_word' id='word_1_209' title='bbox 1387 4223 1603 4294; x_wconf 79' lang='lat' dir='ltr'><strong>Quinte.</strong></span> <span class='ocrx_word' id='word_1_210' title='bbox 1673 4225 1698 4262; x_wconf 85' lang='lat'>⁸</span> <span class='ocrx_word' id='word_1_211' title='bbox 1733 4222 1878 4276; x_wconf 77' lang='lat' dir='ltr'><strong>euim</strong></span> <span class='ocrx_word' id='word_1_212' title='bbox 1915 4219 2016 4272; x_wconf 68' lang='lat' dir='ltr'><strong>ius.</strong></span> 
     </span>
    </p>
   </div>
  </div>
 </body>
</html>
