3131 5032
1140 429 1278 497 Lm.
1329 431 1392 516 1,
1450 438 1570 517 13,
1620 440 1725 504 35.
2283 450 2407 515 377

1190 659 1462 728 CAPUT
1505 661 1681 729 XIII.

527 847 568 929 §
609 845 709 906 35.
790 866 861 904 ex
910 846 994 904 iis
1045 847 1204 904 enim
1258 869 1407 926 quae
1462 850 1680 911 dixisti
1729 852 1930 913 Attice
1962 857 2221 935 videtur,
2263 861 2415 920 mihi

447 950 684 1028 quidem
720 960 869 1009 certe
901 943 1007 1027 -)
1087 947 1357 1010 Primum
1393 953 1596 1013 nescio
1635 975 1757 1034 qua
1808 956 1886 1016 de
1923 978 2099 1021 causa
2126 962 2410 1024 Goerenz.

444 1061 507 1112 et
555 1053 809 1112 Moserus
863 1051 1261 1130 praetulerint
1312 1074 1386 1113 ex
1437 1054 1551 1116 his.
1654 1056 1905 1119 Ponitur
1954 1082 2415 1146 nonnumquam

445 1154 546 1215 hic
563 1201 580 1231 ‚
640 1155 898 1215 relatum
950 1153 1028 1213 ad
1080 1155 1404 1217 relativum
1465 1158 1859 1239 antecedens,
1922 1173 1989 1224 ut
2045 1165 2411 1230 demonstrat

445 1256 771 1337 Madvigius
819 1257 898 1317 ad
945 1258 1072 1319 Pin.
1124 1259 1252 1337 111,
1314 1260 1387 1337 4,
1445 1261 1539 1324 13.
1593 1283 1655 1342 p.
1705 1265 1843 1326 364.
1926 1268 2044 1328 Sed
2093 1275 2412 1351 praemissa

445 1359 951 1421 demonstratione
998 1369 1060 1420 et
1111 1371 1399 1442 sequente
1450 1365 1705 1427 relativo
1755 1366 1897 1450 (nisi
1932 1369 2228 1434 efficacius
2258 1377 2412 1456 quid

445 1460 841 1522 demonstrari
889 1483 1041 1542 opus
1094 1461 1229 1544 sit),
1284 1465 1531 1544 ponitur
1562 1468 1652 1527 is:
1694 1467 1821 1529 Fin.
1861 1470 1983 1548 111,
2025 1473 2101 1549 9,
2142 1474 2257 1553 31,
2301 1481 2413 1538 cir·

450 1565 820 1643 cunt-scriptis
850 1566 1043 1646 igitur
1072 1566 1156 1624 iis
1187 1568 1529 1643 sententiis,
1558 1589 1708 1647 quas
1729 1574 1943 1649 posm':
1977 1581 2037 1633 et
2070 1575 2414 1641 innumera-

446 1665 672 1726 bilibus
719 1666 883 1728 locis.
918 1701 999 1712 —
1034 1666 1216 1729 Porro
1264 1669 1509 1747 vulgata
1558 1671 1742 1732 lectio
1793 1682 1880 1734 est
1929 1677 2135 1738 Attico
2154 1727 2172 1755 ,
2226 1702 2413 1761 repu-

445 1778 669 1848 gnante
701 1770 1108 1848 plurimorum
1143 1780 1204 1831 et
1239 1772 1561 1833 meliorum
1591 1774 1889 1837 librorum
1916 1783 2271 1844 auctoritate
2286 1831 2304 1862 ,
2346 1787 2411 1845 in

444 1872 667 1952 quibus
708 1882 796 1933 est
829 1874 1053 1936 Attice.
1137 1874 1498 1951 Senserunt,
1540 1878 1789 1956 opinor,
1830 1881 2072 1943 Ursinus
2114 1894 2177 1945 et
2210 1887 2411 1949 Manu·

442 1976 594 2051 tius,
652 1976 719 2035 in
771 1977 878 2036 tali
925 1998 994 2037 re
1044 1978 1246 2037 minus
1290 1979 1607 2040 commode
1660 2000 1771 2059 pro
1817 1981 2015 2045 Attico
2048 1990 2411 2066 respondere

444 2079 768 2153 Quintum:
831 2100 974 2140 nam
1031 2081 1139 2140 ille
1191 2082 1440 2160 corrigit
1503 2085 1631 2143 nisi
1682 2086 1830 2163 quid
1885 2087 2089 2149 Attico
2144 2094 2409 2171 videtur,

441 2182 649 2243 hiante
681 2190 885 2243 tamen
919 2191 1220 2244 structura
1256 2184 1324 2243 in
1356 2185 1637 2265 reliquis3
1683 2186 1786 2247 hic
1814 2190 2050 2267 Attico,
2078 2206 2146 2253 ut
2176 2199 2408 2276 opinor,

444 2287 713 2345 videtur:
752 2285 944 2347 Davis.
975 2286 1281 2363 similiter,
1319 2288 1553 2366 Attice,
1596 2292 1795 2368 crede,
1835 2295 2086 2360 videtur.
2166 2298 2237 2358 Et
2269 2321 2411 2361 sane

443 2387 523 2448 de
576 2388 825 2449 alterius
873 2391 1164 2450 sententia
1214 2390 1481 2452 modeste
1531 2412 1922 2473 responsurus
1960 2408 2086 2459 erat
2119 2402 2408 2481 Quintus,

445 2491 599 2552 sicut
631 2492 776 2553 facit
812 2493 929 2571 111,
977 2492 1086 2571 16,
1129 2493 1244 2571 37,
1286 2515 1395 2556 nec
1429 2497 1589 2556 enim
1620 2498 1774 2557 mihi
1793 2500 1993 2579 placet
2011 2549 2028 2578 ‚
2069 2525 2177 2565 nee
2205 2506 2410 2568 Attico

439 2607 636 2657 nostro
652 2643 671 2672 ,
730 2609 1014 2677 quantum
1057 2619 1089 2658 e
1125 2599 1294 2658 vultu
1329 2601 1459 2660 eius
1494 2601 1784 2683 intelligo.
1866 2602 2129 2664 Alterius
2160 2610 2408 2669 nomine

439 2719 634 2778 quum
678 2700 1104 2779 respondetur,
1160 2700 1381 2762 diserte
1417 2703 1587 2783 loqui
1626 2705 1773 2765 solet
1808 2706 2048 2785 Cicero,
2089 2711 2244 2772 sicut
2278 2712 2404 2775 Pin.

441 2802 540 2877 11,
582 2805 650 2879 5,
686 2803 799 2880 16,
838 2805 906 2862 in
940 2825 1054 2883 quo
1089 2826 1249 2865 nunc
1285 2807 1552 2884 equidem
1588 2828 1756 2884 sum,
1799 2810 1965 2868 credo
1997 2814 2136 2872 item
2171 2836 2305 2875 vos:
2347 2827 2408 2878 et

439 2900 520 2979 V,
559 2903 668 2981 26,
708 2903 819 2982 76,
860 2907 1013 2965 milui
1059 2928 1194 2967 vero
1241 2910 1359 2968 ista
1391 2909 1558 2968 valde
1585 2912 1833 2990 probata
1865 2927 2003 2975 sunt
2021 2961 2040 2991 ,
2080 2918 2239 2996 quod
2266 2922 2407 2980 item

423 3008 623 3087 fratri
644 3020 811 3088 puto.
884 3009 1301 3071 Recentissimi
1334 3011 1605 3073 Editores
1633 3014 1997 3077 satisfactum
2041 3027 2407 3097 putaverunt

439 3111 773 3190 elegantiae
806 3112 1091 3173 orationis
1123 3122 1354 3174 mutata
1389 3116 1881 3195 interpunctione
1897 3164 1917 3195 ,
1960 3119 2407 3204 edideruntque

435 3215 644 3276 Attico
660 3261 679 3291 ,
738 3217 1004 3294 videtur,
1062 3217 1214 3277 mihi
1266 3219 1502 3298 quidem
1550 3232 1700 3280 cer-te
1745 3246 1855 3279 —.·
1907 3222 2409 3303 Wyttenbachius

434 3319 619 3379 etiam
671 3319 957 3400 putabat,
1019 3341 1175 3399 quae
1227 3322 1543 3403 hucusque
1595 3323 1893 3404 disputata
1939 3337 2165 3405 essent,
2207 3333 2405 3392 Attico

436 3420 598 3484 dieta
628 3443 778 3499 esse,
820 3444 944 3484 non
961 3425 1211 3499 Quinto:
1243 3425 1347 3485 sed
1379 3446 1502 3487 non
1530 3447 1673 3488 cum
1699 3449 1822 3488 uno
1850 3430 2186 3494 adversario
2206 3433 2402 3515 dispu-

434 3531 522 3584 tat
560 3525 767 3587 Cicero
799 3547 911 3607 per
944 3527 1054 3587 hos
1096 3527 1317 3605 libros,
1360 3537 1421 3588 et
1453 3530 1661 3607 modo,
1706 3532 1842 3611 Cap.
1884 3532 1977 3594 11.
2011 3534 2146 3612 fin„
2180 3536 2402 3600 diserte

436 3644 579 3686 eum
636 3638 893 3709 utroque
937 3630 1107 3709 loqui
1156 3651 1218 3691 se
1270 3631 1721 3711 significaverat.
1800 3635 2228 3717 Antiquissima
2280 3643 2399 3703 loci

434 3733 742 3810 corruptio
794 3741 882 3792 est
924 3733 1157 3793 Attice.-
1219 3734 1384 3795 unde
1428 3738 1694 3816 corrigo,
1750 3760 1824 3798 ea·
1871 3742 1955 3800 iis
2003 3745 2161 3802 enim
2184 3789 2201 3818 ,
2251 3766 2401 3824 quae

435 3831 685 3910 dixisti,
740 3837 890 3895 satis
938 3837 1174 3897 videtur
1207 3871 1306 3898 —.
1345 3839 1471 3900 Fin.
1507 3839 1593 3916 V,
1635 3840 1748 3901 32.
1793 3841 1902 3903 96:
1946 3855 2070 3904 tum
2108 3846 2397 3926 Quintus,

434 3934 588 3993 milui
655 3938 923 4016 quidem,
996 3942 1232 4021 inquit,
1289 3944 1439 4002 satis
1497 3943 1604 4004 Ιιοο
1667 3946 2073 4026 confimatum
2137 3948 2395 4008 videtur.-

429 4035 579 4099 ibid.
641 4039 739 4115 ll,
799 4040 913 4117 26,
972 4041 1087 4117 82,
1144 4047 1376 4126 accipio
1429 4046 1588 4124 quod
1636 4047 1818 4108 dant.-
1881 4048 2035 4107 mihi
2085 4052 2243 4109 enim
2294 4073 2396 4111 sa-

429 4140 507 4198 cis
543 4152 647 4202 ese.
2343 4154 2359 4169 ⁶
