3131 5032
2259 489 2412 534 xxx!

434 695 595 740 cum
647 670 898 757 Quinto
944 685 1011 738 et
1040 668 1276 739 'Attico
1313 673 1534 763 (quem
1568 670 1808 760 priores
1838 672 2122 763 dialogos
2149 673 2415 739 summis

436 783 735 854 exmlisse
765 783 1066 851 laudibus
1094 782 1408 872 novimus)
1443 805 1802 852 sermonem
1835 784 2173 852 conferret.
2257 788 2411 851 Var-

438 895 590 965 roni
626 909 847 963 tamen
881 894 1135 962 nullum
1171 894 1491 962 tributum
1527 916 1656 961 esse
1685 894 1938 974 locum,
1987 909 2173 964 tanto
2208 896 2411 987 magis

440 1007 686 1074 mirum
721 1028 851 1074 ωε
879 1006 1110 1087 debet,
1157 1006 1338 1096 quod
1369 1005 1476 1073 hic
1511 1004 1583 1071 in
1607 1005 1726 1073 illis
1750 1006 2158 1095 antiquitatis
2185 1007 2415 1076 studiis

445 1117 759 1209 regnabat
808 1116 919 1185 illo
972 1129 1302 1204 tempore,
1347 1115 1699 1205 multisque
1745 1116 1921 1184 libris
1967 1117 2158 1185 editis
2207 1118 2415 1185 clamis

445 1243 618 1297 erat:
664 1228 841 1296 conf.
876 1229 1054 1294 Brut.
1093 1232 1211 1308 56,
1251 1232 1404 1298 205.
1452 1228 1646 1296 Acad.
1678 1231 1740 1309 Ι,
1778 1235 1854 1310 3,
1892 1235 1963 1297 9:
2013 1243 2185 1310 tum,
2232 1232 2415 1320 quod

448 1341 585 1409 eius
626 1338 805 1407 libris
848 1339 1131 1406 multum
1167 1360 1314 1406 usus
1354 1354 1493 1407 erat
1519 1363 1726 1430 quum
1760 1341 2079 1410 scribebat
2109 1341 2289 1409 illum
2331 1340 2423 1409 de'

450 1450 803 1543 Republica
852 1450 1220 1541 dialogum:
1285 1453 1460 1520 conf.
1514 1451 1600 1519 ad
1661 1455 1790 1521 Att.
1844 1456 1959 1535 IV,
2012 1458 2127 1535 14,
2183 1461 2248 1521 1:
2300 1455 2419 1521 nisi

454 1565 717 1632 fortasse
772 1562 1043 1633 Varroni
1101 1570 1533 1649 προσφώνησιν
1599 1564 2007 1632 destinaverit
2024 1616 2041 1645 ,
2103 1566 2280 1634 libris
2328 1569 2421 1633 De

455 1676 726 1767 Legibus
751 1674 1312 1764 praeponendam:
1360 1674 1541 1764 quod
1576 1690 1796 1742 tamen
1829 1675 1913 1741 ab
1949 1698 2027 1743 eo
2055 1677 2417 1766 perfectum

454 1810 587 1856 nou
622 1809 783 1869 ease,
830 1786 987 1853 iude
1014 1786 1213 1855 etiam
1244 1786 1707 1867 confirmatur,
1739 1787 1919 1875 quod
1955 1787 2203 1876 aliquot
2237 1790 2421 1856 annis

451 1914 598 1990 post
615 1949 635 1979 ‚
681 1922 892 1989 quum
934 1897 1316 1965 Academica
1336 1924 1363 1979 ,·
1402 1898 1655 1988 aliaque
1695 1900 1779 1966 de
1809 1898 2207 1990 philosophia
2237 1900 2423 1969 volu-

453 2011 629 2079 mina
675 2010 1021 2090 conderet,
1069 2003 1303 2078 eadem
1334 2010 1634 2080 Varronis
1672 2010 2047 2078 includendi
2088 2034 2419 2081 commen-

450 2126 644 2195 datio·
661 2124 1019 2216 urgebatur
1052 2124 1137 2191 ab
1172 2123 1423 2191 Attico:
1470 2123 1554 2192 cf.
1591 2123 1676 2189 ad
1722 2125 1856 2191 Att.
1902 2127 2087 2206 XIII,
2141 2129 2242 2191 12.
2280 2148 2418 2216 sqq.

541 2238 815 2323 Qualem
846 2235 1213 2328 argumenti
1260 2235 1583 2304 tractandi
1618 2236 2138 2304 distributionem
2171 2251 2426 2304 secutus

452 2350 536 2418 sit
584 2350 838 2429 Cicero,
886 2348 1020 2439 ipse
1064 2347 1398 2437 aliquoties
1436 2346 1822 2414 subindicat.
1917 2350 2060 2430 Quo
2092 2348 2424 2438 pertinent

455 2461 638 2544 haec,
690 2465 753 2542 Ι,
808 2468 881 2542 5.,
937 2466 1049 2527 17:
1095 2471 1353 2526 natura
1394 2463 1579 2526 iuris
1619 2459 2014 2547 explicanda
2055 2472 2151 2525 eet
2195 2462 2421 2539 nohis,-

455 2598 653 2662 eaque
701 2576 788 2639 ab
834 2575 1130 2638 hominis
1179 2573 1524 2659 repetenda
1573 2587 1823 2637 natura
1846 2603 1870 2638 .-
1914 2574 2427 2639 considerandae

458 2691 631 2779 legee
680 2689 924 2775 quibua
969 2690 1276 2752 civitatee
1319 2690 1473 2775 regi
1522 2686 1828 2750 debeant:
1875 2698 2022 2749 tum
2070 2687 2225 2750 haec
2271 2701 2425 2752 tra-

453 2798 727 2878 danda,
747 2821 915 2884 quae
938 2801 1304 2883 composita
1326 2809 1487 2861 eunt
1510 2809 1573 2860 et
1597 2796 1934 2881 descripta
1959 2800 2118 2861 iura
2147 2810 2208 2862 et
2233 2801 2422 2863 iussa

443 2912 848 2998 populorum
865 2960 882 2989 ,
928 2913 1008 2974 in
1038 2910 1283 2995 quibua
1314 2931 1397 2973 ne
1424 2911 1649 2972 nostri
1681 2906 1951 2992 quidem
1976 2910 2219 2993 populi
2255 2909 2425 2973 late—

458 3023 658 3101 bunt,
702 3044 869 3108 quae
914 3033 1272 3099 vocantur,
1333 3023 1497 3084 iura
1547 3018 1808 3084 civilia.
1919 3018 2008 3083 Ex
2056 3017 2155 3083 his
2207 3032 2426 3086 tamen

452 3133 797 3201 deseruisse
828 3132 1081 3200 videtur
1122 3131 1284 3200 illud
1304 3181 1322 3212 ‚
1370 3131 1613 3217 quibus
1650 3131 1907 3220 legibue
1935 3134 2243 3197 civitatee
2274 3137 2427 3222 regi

452 3245 791 3311 deberent.-
837 3267 990 3311 nam
1035 3244 1230 3334 paulo
1260 3257 1444 3333 post,
1490 3246 1640 3332 Cap.
1692 3247 1765 3323 6,
1816 3246 1931 3323 20,
1977 3242 2064 3310 sic
2098 3241 2421 3333 loquitur,

452 3363 600 3424 eim
631 3362 739 3423 rei
765 3359 1104 3444 publicae,
1152 3378 1355 3442 quam
1390 3360 1717 3442 optimam
1749 3378 1883 3419 εσσε
1915 3355 2139 3421 docuit
2164 3360 2242 3420 in
2270 3358 2426 3421 illis

453 3495 568 3536 eea·
619 3471 827 3535 libris
876 3468 1133 3556 Scipio,
1197 3467 1509 3533 tenendus
1560 3482 1656 3532 est
1707 3469 1898 3532 nobis
1947 3482 2010 3532 et
2058 3469 2424 3534 servandus

453 3596 711 3662 emtus,
748 3604 1091 3668 omnesque
1123 3583 1297 3671 leges
1318 3579 1902 3646 accommodandae
1930 3580 2026 3644 ad
2046 3580 2232 3645 illud
2259 3583 2424 3645 civi-

458 3700 627 3761 tatis
650 3719 869 3786 genus
889 3742 909 3774 ,
952 3694 1217 3759 serendi
1245 3697 1451 3758 etiam
1483 3716 1700 3757 mores
1718 3743 1735 3773 ,
1769 3715 1884 3757 neo
1912 3696 2165 3779 scripto
2196 3697 2426 3758 omnia

457 3787 854 3873 menda.-
885 3807 1059 3876 conf.
1094 3809 1189 3886 11,
1230 3811 1346 3887 ιο,
1386 3808 1494 3872 23.
1532 3804 1675 3872 init.
1713 3807 1837 3884 111,
1877 3812 1947 3885 5,
1989 3809 2090 3872 12.
2186 3808 2424 3875 Verum

463 3933 681 3987 tamen
740 3917 915 3985 illam
976 3918 1339 4010 generalem
1395 3917 1918 4007 praeceptionem
1987 3915 2205 3985 animo
2249 3930 2425 3984 certe

460 4029 896 4110 destinam,
925 4029 1282 4121 colligimus
1305 4051 1380 4096 ex
1414 4028 1511 4096 his
1536 4027 1762 4112 Quinti
1786 4027 2030 4108 verbis,
2067 4031 2125 4108 Ι,
2157 4033 2271 4107 22,
2308 4035 2390 4095 57
2408 4052 2421 4089 :

458 4167 570 4206 nee
622 4145 925 4232 Lycurgi
974 4145 1186 4231 leget,
1232 4165 1347 4206 nee
1396 4140 1692 4218 Solonis,
1751 4163 1953 4226 neque
2000 4140 2419 4217 Charondae,
