3131 5032
1379 461 1426 535 3

410 690 478 750 et
516 680 591 749 in
634 680 964 775 Arpinati
994 674 1322 766 homine,
1361 676 1473 747 vel
1502 679 1836 748 severitas
1873 701 1913 748 a
1947 688 2019 747 te
2050 669 2364 776 postula-

406 812 544 869 tur.
650 803 749 869 M.
823 802 910 868 Et
947 796 1358 869 mehercule
1394 820 1528 895 ego
1568 820 1685 866 me
1722 799 1934 895 cupio
1975 822 2124 868 non
2165 821 2364 868 men·-

401 917 655 990 dacem
695 920 956 1014 putari.
1057 915 1194 988 Sed
1228 930 1467 988 tamen
1500 913 1829 987 nonnulli
1859 919 2002 1007 isti,
2043 919 2198 987 Tite
2236 942 2365 988 no-

399 1049 546 1107 ster
577 1043 637 1125 ¹,
677 1031 951 1105 faciunt
988 1036 1356 1132 imperite,
1395 1037 1525 1131 qui
1560 1037 1636 1104 in
1673 1039 1811 1106 isto
1849 1034 2169 1134 periculo
2208 1061 2356 1107 non

399 1170 484 1226 ut
515 1181 559 1227 a
595 1167 845 1252 poeta,
897 1153 1022 1225 sed
1053 1167 1133 1224 ut
1160 1178 1202 1225 a
1240 1166 1421 1225 teste
1453 1157 1827 1225 veritatem
1862 1158 2176 1250 exigant:
2225 1179 2360 1226 nec

390 1273 661 1346 dubito
696 1277 877 1370 quin
908 1271 1127 1345 iidem
1165 1287 1235 1344 et
1265 1297 1431 1344 cum
1463 1276 1713 1370 Egeria
1740 1271 2177 1344 collocutum
2207 1277 2358 1347 Nu-

390 1419 622 1485 mam,
676 1408 751 1465 et
787 1392 880 1469 ab
914 1392 1154 1490 aquila
1189 1397 1578 1489 Tarquinio
1613 1396 1890 1492 apicem
1930 1396 2354 1491 impositum

390 1528 676 1613 putent.
778 1516 866 1603 Q.
938 1512 1268 1611 Intelligo
1320 1527 1422 1604 te,
1472 1511 1721 1602 frater,
1780 1512 1949 1584 alias
2005 1517 2081 1583 in
2126 1511 2349 1585 histo·
2417 1522 2472 1579 3.

394 1637 504 1705 ria
550 1633 737 1729 leges
782 1632 1264 1705 observandas
1304 1647 1592 1733 putare,
1651 1630 1816 1703 alias
1866 1636 1940 1702 in
1995 1648 2347 1730 poemate.

389 1755 490 1823 M.
551 1730 842 1852 Quippe
869 1777 1097 1849 quum
1132 1750 1249 1823 illa
1276 1760 1302 1798 ²
1333 1750 1424 1824 ad
1451 1757 1857 1842 veritatem,
1900 1753 2200 1843 Quinte,
2241 1777 2350 1824 re-

387 1870 747 1964 ferantur,
770 1876 845 1944 in
871 1872 1013 1944 hoc
1034 1871 1124 1943 ad
1146 1870 1696 1943 delectationem
1717 1869 2090 1969 pleraque:
2110 1895 2348 1967 quam·

387 2017 607 2089 quam
652 1991 954 2091 etapud
991 1991 1472 2079 Herodotum,
1527 2005 1805 2090 patrem
1843 1990 2219 2082 historiae,
2272 2005 2345 2063 et

386 2112 580 2210 apud
624 2112 1181 2211 Theopompum
1227 2125 1395 2183 sunt
1438 2109 1997 2183 innumerabiles
2036 2109 2339 2184 fabulae.

477 2238 627 2305 Att.
696 2237 968 2321 Tene0,
1007 2255 1226 2328 quam
1273 2231 1645 2328 optabam,
1691 2234 2169 2320 occasionem,
2212 2257 2339 2305 ne·
2408 2237 2479 2298 11.

384 2376 525 2448 que
549 2355 902 2423 omittam.
976 2356 1074 2422 M.
1119 2353 1354 2440 Quam
1387 2347 1713 2440 tandem,
1750 2351 1952 2423 Tite?
2015 2354 2158 2422 Att.
2204 2356 2339 2423 Po-

386 2472 695 2546 stulatur
723 2497 768 2546 a
794 2486 867 2545 te
893 2470 1190 2562 iamdiu,
1218 2471 1331 2545 vel
1353 2470 1714 2570 flagitatur
1744 2475 1988 2571 potius
2013 2469 2334 2545 historia.

380 2597 494 2666 Sic
532 2599 728 2666 enim
769 2608 1062 2693 putant,
1112 2607 1186 2665 te
1227 2592 1418 2666 illam
1463 2606 1843 2684 tractante,
1895 2590 2085 2664 effici
2124 2618 2334 2691 posse

381 2726 469 2782 ut
512 2718 590 2783 in
630 2713 773 2786 hoc
819 2717 1034 2786 etiam
1077 2737 1339 2811 genere
1379 2716 1715 2784 Graeciae
1752 2711 1933 2782 nihil
1973 2712 2329 2785 cedamus.

384 2833 625 2925 Atque
664 2845 743 2901 ut
782 2830 1031 2903 audias
1073 2828 1250 2926 quid
1288 2853 1423 2925 ego
1466 2833 1618 2927 ipse
1649 2833 1985 2921 sentiam,
2035 2855 2185 2901 non
2222 2854 2331 2901 so·-

378 2948 539 3021 lum
581 2949 754 3020 mihi
784 2949 1049 3022 videris
1086 2973 1341 3020 eorum
1379 2947 1662 3040 studiiS,
1704 2953 1833 3044 qui
1870 2952 2010 3019 tuis
2040 2955 2065 2992 ³
2107 2949 2332 3021 literis

372 3067 855 3159 delectantur,
888 3068 1015 3142 sed
1036 3072 1251 3140 etiam
1275 3072 1545 3167 patriae
1572 3067 1838 3140 debere
1866 3067 2008 3139 hoc
2032 3093 2328 3158 munuS,

369 3200 458 3259 ut
496 3213 615 3277 ea,
668 3212 854 3286 quae
895 3188 1082 3261 salva
1119 3213 1249 3287 per
1292 3202 1364 3260 te
1403 3202 1542 3277 est,
1595 3213 1725 3287 per
1761 3202 1833 3260 te
1866 3186 2201 3260 eumdem
2236 3193 2328 3272 sit

365 3322 645 3381 ornata.
744 3308 965 3380 Abest
997 3311 1189 3380 enim
1222 3306 1521 3379 historia
1552 3307 1777 3380 literis
1809 3311 2106 3399 nostriS,
2139 3323 2221 3379 ut
2249 3324 2322 3381 et

361 3433 523 3526 ipse
576 3426 933 3524 intelligo,
982 3441 1055 3499 et
1116 3452 1204 3498 ex
1260 3442 1331 3498 te
1382 3452 1722 3527 persaepe
1776 3427 2009 3499 audio.
2110 3432 2320 3500 Potes

354 3561 609 3620 autem
647 3561 726 3618 tu
759 3545 1085 3645 profecto
1110 3544 1512 3619 satisfacere
1545 3551 1621 3617 in
1654 3572 1765 3637 ea,
1793 3550 2068 3645 quippe
2088 3571 2321 3644 quum

350 3670 457 3737 sit
488 3692 705 3765 opus»,
759 3680 840 3738 ut
878 3667 1012 3739 tibi
1049 3667 1344 3764 quidem
1380 3667 1607 3739 videri
1643 3666 1822 3740 solet
1845 3716 1865 3757 ,
1913 3692 2145 3768 unum
2177 3667 2319 3742 hoc

351 3791 763 3859 oratorium
789 3792 1114 3860 maxime.
1161 3787 1650 3880 Quamobrem
1673 3788 2088 3886 aggredere,
2112 3812 2318 3884 quae·
2381 3807 2436 3864 ο.

350 3932 648 3998 sumuS,
701 3920 775 3979 et
818 3933 1022 3980 sume
1067 3907 1158 3981 ad
1208 3908 1395 3982 hanc
1430 3933 1585 3982 rem
1616 3923 1937 4008 tempus,
1988 3932 2176 4006 quae
2208 3923 2313 3981 est

411 4179 428 4213 ¹
463 4194 568 4229 m.
600 4186 801 4229 noster.
873 4176 897 4213 ²
933 4177 989 4228 in
1020 4175 1131 4228 ula.
1203 4178 1226 4214 ³
1264 4192 1366 4228 om.
1389 4178 1512 4230 tuis.
