<?xml version="1.0" encoding="UTF-8"?>
<!DOCTYPE html PUBLIC "-//W3C//DTD XHTML 1.0 Transitional//EN"
    "http://www.w3.org/TR/xhtml1/DTD/xhtml1-transitional.dtd">
<html xmlns="http://www.w3.org/1999/xhtml" xml:lang="en" lang="en">
 <head>
  <title>
</title>
<meta http-equiv="Content-Type" content="text/html;charset=utf-8" />
  <meta name='ocr-system' content='tesseract 3.04.00' />
  <meta name='ocr-capabilities' content='ocr_page ocr_carea ocr_par ocr_line ocrx_word'/>
</head>
<body>
  <div class='ocr_page' id='page_1' title='image "./mtulliiciceroni02bakegoog_0353.png"; bbox 0 0 3131 5032; ppageno 0'>
   <div class='ocr_carea' id='block_1_1' title="bbox 725 419 1945 504">
    <p class='ocr_par' dir='ltr' id='par_1_1' title="bbox 725 419 1945 504">
     <span class='ocr_line' id='line_1_1' title="bbox 725 419 1945 504; baseline -0.005 -11"><span class='ocrx_word' id='word_1_1' title='bbox 725 426 855 493; x_wconf 85' lang='lat'>286</span> <span class='ocrx_word' id='word_1_2' title='bbox 1455 422 1593 486; x_wconf 77' lang='lat' dir='ltr'>Lm.</span> <span class='ocrx_word' id='word_1_3' title='bbox 1639 419 1700 504; x_wconf 91' lang='lat'>1,</span> <span class='ocrx_word' id='word_1_4' title='bbox 1754 423 1828 503; x_wconf 85' lang='lat'>2,</span> <span class='ocrx_word' id='word_1_5' title='bbox 1883 420 1945 488; x_wconf 88' lang='lat'>7.</span> 
     </span>
    </p>
   </div>
   <div class='ocr_carea' id='block_1_2' title="bbox 721 623 2697 4210">
    <p class='ocr_par' dir='ltr' id='par_1_2' title="bbox 721 623 2697 4210">
     <span class='ocr_line' id='line_1_2' title="bbox 724 623 2688 704; baseline -0.001 -15"><span class='ocrx_word' id='word_1_6' title='bbox 724 629 1003 689; x_wconf 87' lang='lat' dir='ltr'>dubitare</span> <span class='ocrx_word' id='word_1_7' title='bbox 1077 626 1255 701; x_wconf 86' lang='lat' dir='ltr'>licet,</span> <span class='ocrx_word' id='word_1_8' title='bbox 1315 644 1508 704; x_wconf 89' lang='lat' dir='ltr'>quum</span> <span class='ocrx_word' id='word_1_9' title='bbox 1584 623 1740 686; x_wconf 81' lang='lat' dir='ltr'>Voss.</span> <span class='ocrx_word' id='word_1_10' title='bbox 1810 632 2069 703; x_wconf 83' lang='lat' dir='ltr'>uterque</span> <span class='ocrx_word' id='word_1_11' title='bbox 2134 624 2187 682; x_wconf 79' lang='lat' dir='ltr'><strong>A</strong></span> <span class='ocrx_word' id='word_1_12' title='bbox 2257 632 2321 684; x_wconf 89' lang='lat' dir='ltr'>et</span> <span class='ocrx_word' id='word_1_13' title='bbox 2380 623 2428 684; x_wconf 87' lang='lat' dir='ltr'>B</span> <span class='ocrx_word' id='word_1_14' title='bbox 2490 636 2688 690; x_wconf 87' lang='lat' dir='ltr'>servet</span> 
     </span>
     <span class='ocr_line' id='line_1_3' title="bbox 723 728 2688 809; baseline -0.002 -17"><span class='ocrx_word' id='word_1_15' title='bbox 723 731 1149 793; x_wconf 73' lang='lat' dir='ltr'>nominativos:</span> <span class='ocrx_word' id='word_1_16' title='bbox 1193 749 1398 808; x_wconf 86' lang='lat' dir='ltr'>neque</span> <span class='ocrx_word' id='word_1_17' title='bbox 1449 736 1653 788; x_wconf 89' lang='lat' dir='ltr'>tamen</span> <span class='ocrx_word' id='word_1_18' title='bbox 1704 728 1823 788; x_wconf 90' lang='lat' dir='ltr'>hoc</span> <span class='ocrx_word' id='word_1_19' title='bbox 1857 728 2066 807; x_wconf 86' lang='lat' dir='ltr'>magni</span> <span class='ocrx_word' id='word_1_20' title='bbox 2101 728 2395 788; x_wconf 77' lang='lat' dir='ltr'>momenti</span> <span class='ocrx_word' id='word_1_21' title='bbox 2423 736 2511 788; x_wconf 85' lang='lat' dir='ltr'>est</span> <span class='ocrx_word' id='word_1_22' title='bbox 2528 776 2547 806; x_wconf 89' lang='lat'>‚</span> <span class='ocrx_word' id='word_1_23' title='bbox 2584 750 2688 809; x_wconf 88' lang='lat' dir='ltr'>po·</span> 
     </span>
     <span class='ocr_line' id='line_1_4' title="bbox 721 830 2689 913; baseline 0 -17"><span class='ocrx_word' id='word_1_24' title='bbox 721 837 905 897; x_wconf 89' lang='lat' dir='ltr'>situm</span> <span class='ocrx_word' id='word_1_25' title='bbox 966 835 1195 913; x_wconf 88' lang='lat' dir='ltr'>quippe</span> <span class='ocrx_word' id='word_1_26' title='bbox 1249 833 1316 891; x_wconf 90' lang='lat' dir='ltr'>in</span> <span class='ocrx_word' id='word_1_27' title='bbox 1368 851 1490 892; x_wconf 91' lang='lat' dir='ltr'>una</span> <span class='ocrx_word' id='word_1_28' title='bbox 1552 831 1782 892; x_wconf 88' lang='lat' dir='ltr'>lineola</span> <span class='ocrx_word' id='word_1_29' title='bbox 1830 832 1931 891; x_wconf 90' lang='lat' dir='ltr'>vel</span> <span class='ocrx_word' id='word_1_30' title='bbox 1977 830 2185 892; x_wconf 82' lang='lat' dir='ltr'>addita</span> <span class='ocrx_word' id='word_1_31' title='bbox 2240 831 2340 891; x_wconf 89' lang='lat' dir='ltr'>vel</span> <span class='ocrx_word' id='word_1_32' title='bbox 2393 833 2689 911; x_wconf 75' lang='lat' dir='ltr'>neglecta.</span> 
     </span>
     <span class='ocr_line' id='line_1_5' title="bbox 721 934 2689 999; baseline -0.002 0"><span class='ocrx_word' id='word_1_33' title='bbox 721 940 872 999; x_wconf 86' lang='lat' dir='ltr'>Tum</span> <span class='ocrx_word' id='word_1_34' title='bbox 914 939 1093 997; x_wconf 77' lang='lat' dir='ltr'>elatio</span> <span class='ocrx_word' id='word_1_35' title='bbox 1137 935 1684 996; x_wconf 86' lang='lat' dir='ltr'>recentissimorum</span> <span class='ocrx_word' id='word_1_36' title='bbox 1716 934 2015 995; x_wconf 88' lang='lat' dir='ltr'>librorum</span> <span class='ocrx_word' id='word_1_37' title='bbox 2054 934 2298 994; x_wconf 87' lang='lat' dir='ltr'>videtur</span> <span class='ocrx_word' id='word_1_38' title='bbox 2328 952 2453 994; x_wconf 86' lang='lat' dir='ltr'>esse</span> <span class='ocrx_word' id='word_1_39' title='bbox 2483 954 2689 996; x_wconf 83' lang='lat' dir='ltr'>corre-</span> 
     </span>
     <span class='ocr_line' id='line_1_6' title="bbox 722 1035 2689 1118; baseline -0.001 -17"><span class='ocrx_word' id='word_1_40' title='bbox 722 1041 845 1101; x_wconf 89' lang='lat' dir='ltr'>ctio</span> <span class='ocrx_word' id='word_1_41' title='bbox 866 1083 886 1116; x_wconf 88' lang='lat'><em>,</em></span> <span class='ocrx_word' id='word_1_42' title='bbox 921 1037 1086 1118; x_wconf 89' lang='lat' dir='ltr'>apud</span> <span class='ocrx_word' id='word_1_43' title='bbox 1114 1037 1473 1097; x_wconf 79' lang='lat' dir='ltr'>Gruterum:</span> <span class='ocrx_word' id='word_1_44' title='bbox 1514 1055 1659 1096; x_wconf 89' lang='lat' dir='ltr'>nam</span> <span class='ocrx_word' id='word_1_45' title='bbox 1687 1035 1853 1114; x_wconf 86' lang='lat' dir='ltr'>quod</span> <span class='ocrx_word' id='word_1_46' title='bbox 1874 1036 2131 1097; x_wconf 73' lang='lat' dir='ltr'>Moserus</span> <span class='ocrx_word' id='word_1_47' title='bbox 2165 1057 2242 1096; x_wconf 84' lang='lat' dir='ltr'>ex</span> <span class='ocrx_word' id='word_1_48' title='bbox 2272 1036 2514 1098; x_wconf 80' lang='lat' dir='ltr'>Graevii</span> <span class='ocrx_word' id='word_1_49' title='bbox 2544 1045 2689 1100; x_wconf 81' lang='lat' dir='ltr'>nota</span> 
     </span>
     <span class='ocr_line' id='line_1_7' title="bbox 721 1137 2687 1215; baseline -0.001 -11"><span class='ocrx_word' id='word_1_50' title='bbox 721 1143 834 1204; x_wconf 73' lang='lat' dir='ltr'>MS.</span> <span class='ocrx_word' id='word_1_51' title='bbox 885 1149 1182 1201; x_wconf 86' lang='lat' dir='ltr'>memorat</span> <span class='ocrx_word' id='word_1_52' title='bbox 1219 1139 1305 1199; x_wconf 88' lang='lat' dir='ltr'>sic</span> <span class='ocrx_word' id='word_1_53' title='bbox 1349 1137 1508 1199; x_wconf 85' lang='lat' dir='ltr'>Voss.</span> <span class='ocrx_word' id='word_1_54' title='bbox 1542 1138 1804 1215; x_wconf 87' lang='lat' dir='ltr'>habere,</span> <span class='ocrx_word' id='word_1_55' title='bbox 1846 1139 1914 1199; x_wconf 93' lang='lat' dir='ltr'>in</span> <span class='ocrx_word' id='word_1_56' title='bbox 1940 1140 2091 1200; x_wconf 87' lang='lat' dir='ltr'>meis</span> <span class='ocrx_word' id='word_1_57' title='bbox 2138 1147 2303 1200; x_wconf 88' lang='lat' dir='ltr'>certe</span> <span class='ocrx_word' id='word_1_58' title='bbox 2354 1140 2529 1200; x_wconf 81' lang='lat' dir='ltr'>libris</span> <span class='ocrx_word' id='word_1_59' title='bbox 2560 1159 2687 1203; x_wconf 84' lang='lat' dir='ltr'>non</span> 
     </span>
     <span class='ocr_line' id='line_1_8' title="bbox 722 1242 2687 1321; baseline -0.001 -14"><span class='ocrx_word' id='word_1_60' title='bbox 722 1253 931 1307; x_wconf 83' lang='lat' dir='ltr'>exstat.</span> <span class='ocrx_word' id='word_1_61' title='bbox 1012 1242 1129 1304; x_wconf 88' lang='lat' dir='ltr'>Sed</span> <span class='ocrx_word' id='word_1_62' title='bbox 1151 1242 1465 1305; x_wconf 81' lang='lat' dir='ltr'>videamus</span> <span class='ocrx_word' id='word_1_63' title='bbox 1492 1243 1682 1321; x_wconf 85' lang='lat' dir='ltr'>ipsam</span> <span class='ocrx_word' id='word_1_64' title='bbox 1709 1242 1879 1303; x_wconf 87' lang='lat' dir='ltr'>illam</span> <span class='ocrx_word' id='word_1_65' title='bbox 1903 1243 2228 1305; x_wconf 89' lang='lat' dir='ltr'>lectionem</span> <span class='ocrx_word' id='word_1_66' title='bbox 2252 1243 2656 1305; x_wconf 84' lang='lat' dir='ltr'>Victorianam</span> <span class='ocrx_word' id='word_1_67' title='bbox 2668 1288 2687 1319; x_wconf 90' lang='lat'>,</span> 
     </span>
     <span class='ocr_line' id='line_1_9' title="bbox 721 1345 2686 1429; baseline -0.001 -19"><span class='ocrx_word' id='word_1_68' title='bbox 721 1369 908 1429; x_wconf 90' lang='lat' dir='ltr'>quam</span> <span class='ocrx_word' id='word_1_69' title='bbox 959 1347 1343 1408; x_wconf 80' lang='lat' dir='ltr'>commendat</span> <span class='ocrx_word' id='word_1_70' title='bbox 1396 1345 1760 1425; x_wconf 73' lang='lat' dir='ltr'>Madvigius:</span> <span class='ocrx_word' id='word_1_71' title='bbox 1803 1349 1874 1405; x_wconf 77' lang='lat' dir='ltr'>in</span> <span class='ocrx_word' id='word_1_72' title='bbox 1910 1348 2281 1408; x_wconf 74' lang='lat' dir='ltr'>orationibus</span> <span class='ocrx_word' id='word_1_73' title='bbox 2315 1358 2514 1407; x_wconf 71' lang='lat' dir='ltr'>autem</span> <span class='ocrx_word' id='word_1_74' title='bbox 2538 1348 2686 1408; x_wconf 71' lang='lat' dir='ltr'>mul-</span> 
     </span>
     <span class='ocr_line' id='line_1_10' title="bbox 724 1449 2690 1532; baseline -0.001 -21"><span class='ocrx_word' id='word_1_75' title='bbox 724 1462 817 1512; x_wconf 71' lang='lat' dir='ltr'>tos</span> <span class='ocrx_word' id='word_1_76' title='bbox 885 1450 1145 1532; x_wconf 58' lang='lat' dir='ltr'>inopias</span> <span class='ocrx_word' id='word_1_77' title='bbox 1162 1494 1181 1525; x_wconf 89' lang='lat'><em>‚</em></span> <span class='ocrx_word' id='word_1_78' title='bbox 1252 1449 1429 1509; x_wconf 75' lang='lat' dir='ltr'>elatio</span> <span class='ocrx_word' id='word_1_79' title='bbox 1496 1470 1785 1510; x_wconf 73' lang='lat' dir='ltr'>summam</span> <span class='ocrx_word' id='word_1_80' title='bbox 1855 1450 2303 1529; x_wconf 67' lang='lat' dir='ltr'>impudentiam.</span> <span class='ocrx_word' id='word_1_81' title='bbox 2414 1449 2572 1513; x_wconf 83' lang='lat' dir='ltr'>llaec</span> <span class='ocrx_word' id='word_1_82' title='bbox 2637 1450 2690 1510; x_wconf 89' lang='lat' dir='ltr'>si</span> 
     </span>
     <span class='ocr_line' id='line_1_11' title="bbox 722 1552 2689 1634; baseline 0 -20"><span class='ocrx_word' id='word_1_83' title='bbox 722 1553 1114 1634; x_wconf 70' lang='lat' dir='ltr'>grammatice</span> <span class='ocrx_word' id='word_1_84' title='bbox 1179 1552 1596 1631; x_wconf 74' lang='lat' dir='ltr'>componimus</span> <span class='ocrx_word' id='word_1_85' title='bbox 1610 1597 1630 1628; x_wconf 91' lang='lat'><em>,</em></span> <span class='ocrx_word' id='word_1_86' title='bbox 1689 1552 1789 1612; x_wconf 90' lang='lat' dir='ltr'>vel</span> <span class='ocrx_word' id='word_1_87' title='bbox 1845 1552 2071 1614; x_wconf 88' lang='lat' dir='ltr'>dicitur</span> <span class='ocrx_word' id='word_1_88' title='bbox 2129 1553 2310 1614; x_wconf 80' lang='lat' dir='ltr'>Macri</span> <span class='ocrx_word' id='word_1_89' title='bbox 2358 1555 2689 1634; x_wconf 70' lang='lat' dir='ltr'>loquacitas</span> 
     </span>
     <span class='ocr_line' id='line_1_12' title="bbox 723 1654 2690 1738; baseline 0.001 -21"><span class='ocrx_word' id='word_1_90' title='bbox 723 1658 940 1717; x_wconf 67' lang='lat' dir='ltr'>multos</span> <span class='ocrx_word' id='word_1_91' title='bbox 972 1656 1179 1717; x_wconf 73' lang='lat' dir='ltr'>habore</span> <span class='ocrx_word' id='word_1_92' title='bbox 1208 1657 1469 1736; x_wconf 72' lang='lat' dir='ltr'>ineptias</span> <span class='ocrx_word' id='word_1_93' title='bbox 1501 1658 1573 1714; x_wconf 77' lang='lat' dir='ltr'>in</span> <span class='ocrx_word' id='word_1_94' title='bbox 1606 1657 1973 1716; x_wconf 73' lang='lat' dir='ltr'>orationibus</span> <span class='ocrx_word' id='word_1_95' title='bbox 1988 1703 2007 1732; x_wconf 88' lang='lat'><em>‚</em></span> <span class='ocrx_word' id='word_1_96' title='bbox 2048 1654 2136 1737; x_wconf 89' lang='lat' dir='ltr'>(at</span> <span class='ocrx_word' id='word_1_97' title='bbox 2167 1677 2326 1738; x_wconf 87' lang='lat' dir='ltr'>quae</span> <span class='ocrx_word' id='word_1_98' title='bbox 2358 1657 2690 1737; x_wconf 71' lang='lat' dir='ltr'>loquacitas</span> 
     </span>
     <span class='ocr_line' id='line_1_13' title="bbox 726 1756 2688 1840; baseline 0.001 -20"><span class='ocrx_word' id='word_1_99' title='bbox 726 1782 850 1822; x_wconf 94' lang='lat' dir='ltr'>non</span> <span class='ocrx_word' id='word_1_100' title='bbox 900 1761 1107 1839; x_wconf 88' lang='lat' dir='ltr'>inepta</span> <span class='ocrx_word' id='word_1_101' title='bbox 1155 1766 1243 1819; x_wconf 87' lang='lat' dir='ltr'>est</span> <span class='ocrx_word' id='word_1_102' title='bbox 1254 1756 1312 1839; x_wconf 77' lang='lat'>?)</span> <span class='ocrx_word' id='word_1_103' title='bbox 1363 1758 1462 1818; x_wconf 88' lang='lat' dir='ltr'>vel</span> <span class='ocrx_word' id='word_1_104' title='bbox 1502 1758 1697 1818; x_wconf 69' lang='lat' dir='ltr'>Macer</span> <span class='ocrx_word' id='word_1_105' title='bbox 1739 1759 1867 1837; x_wconf 85' lang='lat' dir='ltr'>ipse</span> <span class='ocrx_word' id='word_1_106' title='bbox 1904 1760 2120 1820; x_wconf 73' lang='lat' dir='ltr'>multoc</span> <span class='ocrx_word' id='word_1_107' title='bbox 2154 1761 2363 1823; x_wconf 73' lang='lat' dir='ltr'>habero</span> <span class='ocrx_word' id='word_1_108' title='bbox 2398 1761 2688 1840; x_wconf 69' lang='lat' dir='ltr'>ineptias,</span> 
     </span>
     <span class='ocr_line' id='line_1_14' title="bbox 724 1860 2691 1938; baseline -0.001 -14"><span class='ocrx_word' id='word_1_109' title='bbox 724 1872 956 1924; x_wconf 86' lang='lat' dir='ltr'>mutato</span> <span class='ocrx_word' id='word_1_110' title='bbox 1000 1863 1067 1921; x_wconf 90' lang='lat' dir='ltr'>in</span> <span class='ocrx_word' id='word_1_111' title='bbox 1103 1861 1287 1922; x_wconf 89' lang='lat' dir='ltr'>verbo</span> <span class='ocrx_word' id='word_1_112' title='bbox 1319 1861 1527 1921; x_wconf 78' lang='lat' dir='ltr'>habere</span> <span class='ocrx_word' id='word_1_113' title='bbox 1560 1860 1831 1922; x_wconf 87' lang='lat' dir='ltr'>subiecto</span> <span class='ocrx_word' id='word_1_114' title='bbox 1848 1908 1867 1938; x_wconf 89' lang='lat'>‚</span> <span class='ocrx_word' id='word_1_115' title='bbox 1908 1870 2116 1923; x_wconf 88' lang='lat' dir='ltr'>contra</span> <span class='ocrx_word' id='word_1_116' title='bbox 2149 1862 2332 1923; x_wconf 87' lang='lat' dir='ltr'>Tullii</span> <span class='ocrx_word' id='word_1_117' title='bbox 2366 1870 2691 1924; x_wconf 87' lang='lat' dir='ltr'>consuetu-</span> 
     </span>
     <span class='ocr_line' id='line_1_15' title="bbox 726 1965 2691 2046; baseline 0 -18"><span class='ocrx_word' id='word_1_118' title='bbox 726 1968 936 2028; x_wconf 90' lang='lat' dir='ltr'>dinem</span> <span class='ocrx_word' id='word_1_119' title='bbox 1005 1973 1069 2026; x_wconf 86' lang='lat' dir='ltr'>et</span> <span class='ocrx_word' id='word_1_120' title='bbox 1129 1985 1373 2026; x_wconf 88' lang='lat' dir='ltr'>omnem</span> <span class='ocrx_word' id='word_1_121' title='bbox 1436 1965 1728 2043; x_wconf 87' lang='lat' dir='ltr'>elegantis</span> <span class='ocrx_word' id='word_1_122' title='bbox 1790 1966 2079 2026; x_wconf 85' lang='lat' dir='ltr'>sermonis</span> <span class='ocrx_word' id='word_1_123' title='bbox 2125 1986 2435 2045; x_wconf 85' lang='lat' dir='ltr'>normam3</span> <span class='ocrx_word' id='word_1_124' title='bbox 2496 1986 2691 2046; x_wconf 83' lang='lat' dir='ltr'>quum</span> 
     </span>
     <span class='ocr_line' id='line_1_16' title="bbox 723 2069 2693 2150; baseline 0.001 -20"><span class='ocrx_word' id='word_1_125' title='bbox 723 2070 1077 2150; x_wconf 87' lang='lat' dir='ltr'>praesertim</span> <span class='ocrx_word' id='word_1_126' title='bbox 1138 2088 1347 2128; x_wconf 87' lang='lat' dir='ltr'>rursus</span> <span class='ocrx_word' id='word_1_127' title='bbox 1420 2069 1673 2129; x_wconf 86' lang='lat' dir='ltr'>tertium</span> <span class='ocrx_word' id='word_1_128' title='bbox 1744 2069 2085 2130; x_wconf 86' lang='lat' dir='ltr'>subiectum</span> <span class='ocrx_word' id='word_1_129' title='bbox 2160 2069 2385 2130; x_wconf 86' lang='lat' dir='ltr'>diversi</span> <span class='ocrx_word' id='word_1_130' title='bbox 2453 2071 2693 2149; x_wconf 80' lang='lat' dir='ltr'>generis</span> 
     </span>
     <span class='ocr_line' id='line_1_17' title="bbox 727 2170 2691 2254; baseline 0.001 -21"><span class='ocrx_word' id='word_1_131' title='bbox 727 2171 962 2254; x_wconf 75' lang='lat' dir='ltr'>(elatio)</span> <span class='ocrx_word' id='word_1_132' title='bbox 994 2171 1367 2231; x_wconf 85' lang='lat' dir='ltr'>subiiciatur.</span> <span class='ocrx_word' id='word_1_133' title='bbox 1447 2170 1567 2231; x_wconf 88' lang='lat' dir='ltr'>Sed</span> <span class='ocrx_word' id='word_1_134' title='bbox 1622 2172 1870 2232; x_wconf 88' lang='lat' dir='ltr'>interest</span> <span class='ocrx_word' id='word_1_135' title='bbox 1923 2171 2175 2232; x_wconf 86' lang='lat' dir='ltr'>definire</span> <span class='ocrx_word' id='word_1_136' title='bbox 2215 2173 2520 2251; x_wconf 86' lang='lat' dir='ltr'>quomodo</span> <span class='ocrx_word' id='word_1_137' title='bbox 2552 2174 2691 2249; x_wconf 82' lang='lat' dir='ltr'>ista,</span> 
     </span>
     <span class='ocr_line' id='line_1_18' title="bbox 726 2274 2692 2357; baseline 0.002 -23"><span class='ocrx_word' id='word_1_138' title='bbox 726 2278 799 2334; x_wconf 71' lang='lat' dir='ltr'>in</span> <span class='ocrx_word' id='word_1_139' title='bbox 849 2275 1216 2335; x_wconf 72' lang='lat' dir='ltr'>orationibus</span> <span class='ocrx_word' id='word_1_140' title='bbox 1248 2286 1446 2334; x_wconf 73' lang='lat' dir='ltr'>autem</span> <span class='ocrx_word' id='word_1_141' title='bbox 1460 2319 1478 2349; x_wconf 93' lang='lat'>‚</span> <span class='ocrx_word' id='word_1_142' title='bbox 1519 2275 1640 2333; x_wconf 81' lang='lat' dir='ltr'>sint</span> <span class='ocrx_word' id='word_1_143' title='bbox 1671 2274 2056 2355; x_wconf 86' lang='lat' dir='ltr'>accipienda:</span> <span class='ocrx_word' id='word_1_144' title='bbox 2099 2276 2279 2336; x_wconf 88' lang='lat' dir='ltr'>video</span> <span class='ocrx_word' id='word_1_145' title='bbox 2312 2275 2480 2337; x_wconf 89' lang='lat' dir='ltr'>enim</span> <span class='ocrx_word' id='word_1_146' title='bbox 2511 2276 2692 2357; x_wconf 58' lang='lat' dir='ltr'>wst-</span> 
     </span>
     <span class='ocr_line' id='line_1_19' title="bbox 727 2376 2692 2459; baseline 0.001 -21"><span class='ocrx_word' id='word_1_147' title='bbox 727 2377 1120 2439; x_wconf 87' lang='lat' dir='ltr'>tenbachium</span> <span class='ocrx_word' id='word_1_148' title='bbox 1158 2376 1324 2455; x_wconf 88' lang='lat' dir='ltr'>apud</span> <span class='ocrx_word' id='word_1_149' title='bbox 1355 2376 1652 2437; x_wconf 78' lang='lat' dir='ltr'>Mosei-um</span> <span class='ocrx_word' id='word_1_150' title='bbox 1684 2378 1959 2458; x_wconf 86' lang='lat' dir='ltr'>accipere</span> <span class='ocrx_word' id='word_1_151' title='bbox 1990 2379 2070 2439; x_wconf 83' lang='lat' dir='ltr'>de</span> <span class='ocrx_word' id='word_1_152' title='bbox 2098 2380 2470 2440; x_wconf 79' lang='lat' dir='ltr'>orationibus</span> <span class='ocrx_word' id='word_1_153' title='bbox 2484 2425 2503 2455; x_wconf 93' lang='lat'><em>‚</em></span> <span class='ocrx_word' id='word_1_154' title='bbox 2544 2398 2692 2459; x_wconf 83' lang='lat' dir='ltr'>quas</span> 
     </span>
     <span class='ocr_line' id='line_1_20' title="bbox 725 2478 2697 2563; baseline 0.001 -21"><span class='ocrx_word' id='word_1_155' title='bbox 725 2480 921 2542; x_wconf 72' lang='lat' dir='ltr'>Macer</span> <span class='ocrx_word' id='word_1_156' title='bbox 955 2478 1218 2542; x_wconf 83' lang='lat' dir='ltr'>historiis</span> <span class='ocrx_word' id='word_1_157' title='bbox 1249 2479 1369 2540; x_wconf 87' lang='lat' dir='ltr'>suis</span> <span class='ocrx_word' id='word_1_158' title='bbox 1405 2480 1873 2561; x_wconf 76' lang='lat' dir='ltr'>interposuisset.</span> <span class='ocrx_word' id='word_1_159' title='bbox 1954 2482 2026 2542; x_wconf 84' lang='lat' dir='ltr'>Et</span> <span class='ocrx_word' id='word_1_160' title='bbox 2055 2502 2196 2544; x_wconf 84' lang='lat' dir='ltr'>sane</span> <span class='ocrx_word' id='word_1_161' title='bbox 2221 2483 2307 2543; x_wconf 86' lang='lat' dir='ltr'>sic</span> <span class='ocrx_word' id='word_1_162' title='bbox 2331 2482 2697 2563; x_wconf 81' lang='lat' dir='ltr'>Thucydidis</span> 
     </span>
     <span class='ocr_line' id='line_1_21' title="bbox 728 2583 2695 2666; baseline 0.001 -22"><span class='ocrx_word' id='word_1_163' title='bbox 728 2587 1022 2644; x_wconf 75' lang='lat' dir='ltr'>orationes</span> <span class='ocrx_word' id='word_1_164' title='bbox 1068 2583 1332 2664; x_wconf 88' lang='lat' dir='ltr'>appellat</span> <span class='ocrx_word' id='word_1_165' title='bbox 1381 2583 1589 2645; x_wconf 87' lang='lat' dir='ltr'>Cicero</span> <span class='ocrx_word' id='word_1_166' title='bbox 1640 2584 1810 2646; x_wconf 88' lang='lat' dir='ltr'>Brut.</span> <span class='ocrx_word' id='word_1_167' title='bbox 1852 2584 1931 2646; x_wconf 87' lang='grc'>83</span> <span class='ocrx_word' id='word_1_168' title='bbox 1949 2631 1967 2661; x_wconf 90' lang='grc'>,</span> <span class='ocrx_word' id='word_1_169' title='bbox 2017 2585 2138 2648; x_wconf 85' lang='grc'>287</span> <span class='ocrx_word' id='word_1_170' title='bbox 2154 2611 2171 2663; x_wconf 88' lang='lat'>;</span> <span class='ocrx_word' id='word_1_171' title='bbox 2222 2586 2459 2666; x_wconf 86' lang='lat' dir='ltr'>saepius</span> <span class='ocrx_word' id='word_1_172' title='bbox 2490 2594 2695 2646; x_wconf 83' lang='lat' dir='ltr'>autem</span> 
     </span>
     <span class='ocr_line' id='line_1_22' title="bbox 728 2688 2696 2765; baseline -0.001 -16"><span class='ocrx_word' id='word_1_173' title='bbox 728 2689 876 2749; x_wconf 84' lang='lat' dir='ltr'>tales</span> <span class='ocrx_word' id='word_1_174' title='bbox 909 2689 1219 2749; x_wconf 73' lang='lat' dir='ltr'>conciones</span> <span class='ocrx_word' id='word_1_175' title='bbox 1244 2688 1550 2763; x_wconf 82' lang='lat' dir='ltr'>nominat,</span> <span class='ocrx_word' id='word_1_176' title='bbox 1596 2695 1666 2748; x_wconf 87' lang='lat' dir='ltr'>ut</span> <span class='ocrx_word' id='word_1_177' title='bbox 1699 2688 1860 2749; x_wconf 86' lang='lat' dir='ltr'>Orat.</span> <span class='ocrx_word' id='word_1_178' title='bbox 1897 2688 1974 2764; x_wconf 88' lang='lat'>9,</span> <span class='ocrx_word' id='word_1_179' title='bbox 2015 2688 2116 2750; x_wconf 86' lang='lat'>30.</span> <span class='ocrx_word' id='word_1_180' title='bbox 2156 2689 2268 2765; x_wconf 87' lang='grc'>20,</span> <span class='ocrx_word' id='word_1_181' title='bbox 2311 2690 2427 2765; x_wconf 88' lang='grc'>66,</span> <span class='ocrx_word' id='word_1_182' title='bbox 2466 2697 2538 2749; x_wconf 80' lang='lat' dir='ltr'>ut</span> <span class='ocrx_word' id='word_1_183' title='bbox 2567 2688 2696 2749; x_wconf 84' lang='lat' dir='ltr'>Pli-</span> 
     </span>
     <span class='ocr_line' id='line_1_23' title="bbox 729 2788 2695 2870; baseline 0.001 -19"><span class='ocrx_word' id='word_1_184' title='bbox 729 2791 869 2851; x_wconf 89' lang='lat' dir='ltr'>nius</span> <span class='ocrx_word' id='word_1_185' title='bbox 921 2809 1167 2870; x_wconf 88' lang='lat' dir='ltr'>quoque</span> <span class='ocrx_word' id='word_1_186' title='bbox 1231 2788 1550 2868; x_wconf 74' lang='lat' dir='ltr'>distinguit</span> <span class='ocrx_word' id='word_1_187' title='bbox 1600 2789 1747 2869; x_wconf 90' lang='lat' dir='ltr'>Epp.</span> <span class='ocrx_word' id='word_1_188' title='bbox 1805 2790 1873 2867; x_wconf 90' lang='lat'>1,</span> <span class='ocrx_word' id='word_1_189' title='bbox 1934 2791 2037 2866; x_wconf 86' lang='lat'>16,</span> <span class='ocrx_word' id='word_1_190' title='bbox 2098 2790 2155 2852; x_wconf 85' lang='lat'>4.</span> <span class='ocrx_word' id='word_1_191' title='bbox 2258 2790 2376 2852; x_wconf 85' lang='lat' dir='ltr'>Sed</span> <span class='ocrx_word' id='word_1_192' title='bbox 2426 2792 2695 2870; x_wconf 85' lang='lat' dir='ltr'>primum</span> 
     </span>
     <span class='ocr_line' id='line_1_24' title="bbox 730 2892 2696 2974; baseline 0.001 -20"><span class='ocrx_word' id='word_1_193' title='bbox 730 2893 942 2974; x_wconf 89' lang='lat' dir='ltr'>putida</span> <span class='ocrx_word' id='word_1_194' title='bbox 993 2893 1311 2971; x_wconf 79' lang='lat' dir='ltr'>diligentia</span> <span class='ocrx_word' id='word_1_195' title='bbox 1350 2900 1503 2953; x_wconf 85' lang='lat' dir='ltr'>esset</span> <span class='ocrx_word' id='word_1_196' title='bbox 1550 2892 1772 2968; x_wconf 85' lang='lat' dir='ltr'>Attici,</span> <span class='ocrx_word' id='word_1_197' title='bbox 1812 2893 1923 2973; x_wconf 87' lang='lat' dir='ltr'>qui</span> <span class='ocrx_word' id='word_1_198' title='bbox 1936 2939 1955 2970; x_wconf 89' lang='lat'><strong><em>,</em></strong></span> <span class='ocrx_word' id='word_1_199' title='bbox 1993 2893 2172 2954; x_wconf 79' lang='lat' dir='ltr'>Macri</span> <span class='ocrx_word' id='word_1_200' title='bbox 2214 2893 2491 2955; x_wconf 85' lang='lat' dir='ltr'>historias</span> <span class='ocrx_word' id='word_1_201' title='bbox 2529 2894 2696 2956; x_wconf 84' lang='lat' dir='ltr'>diiu-</span> 
     </span>
     <span class='ocr_line' id='line_1_25' title="bbox 732 2995 2695 3075; baseline 0.002 -20"><span class='ocrx_word' id='word_1_202' title='bbox 732 2995 939 3057; x_wconf 88' lang='lat' dir='ltr'>dieans</span> <span class='ocrx_word' id='word_1_203' title='bbox 955 3042 973 3072; x_wconf 89' lang='lat'>,</span> <span class='ocrx_word' id='word_1_204' title='bbox 1014 2996 1133 3056; x_wconf 89' lang='lat' dir='ltr'>alia</span> <span class='ocrx_word' id='word_1_205' title='bbox 1184 2996 1315 3056; x_wconf 88' lang='lat' dir='ltr'>eius</span> <span class='ocrx_word' id='word_1_206' title='bbox 1358 2996 1426 3055; x_wconf 86' lang='lat' dir='ltr'>in</span> <span class='ocrx_word' id='word_1_207' title='bbox 1478 2996 1823 3056; x_wconf 87' lang='lat' dir='ltr'>narratione</span> <span class='ocrx_word' id='word_1_208' title='bbox 1855 3016 2063 3056; x_wconf 87' lang='lat' dir='ltr'>rerum</span> <span class='ocrx_word' id='word_1_209' title='bbox 2098 3004 2403 3075; x_wconf 79' lang='lat' dir='ltr'>gestarum</span> <span class='ocrx_word' id='word_1_210' title='bbox 2419 3043 2438 3073; x_wconf 93' lang='lat'><em>‚</em></span> <span class='ocrx_word' id='word_1_211' title='bbox 2478 2998 2596 3059; x_wconf 83' lang='lat' dir='ltr'>alia</span> <span class='ocrx_word' id='word_1_212' title='bbox 2627 2999 2695 3058; x_wconf 88' lang='lat' dir='ltr'>in</span> 
     </span>
     <span class='ocr_line' id='line_1_26' title="bbox 730 3098 2694 3162; baseline 0.001 -3"><span class='ocrx_word' id='word_1_213' title='bbox 730 3100 1122 3160; x_wconf 88' lang='lat' dir='ltr'>concionibus</span> <span class='ocrx_word' id='word_1_214' title='bbox 1175 3100 1323 3159; x_wconf 83' lang='lat' dir='ltr'>vitia</span> <span class='ocrx_word' id='word_1_215' title='bbox 1371 3098 1657 3159; x_wconf 89' lang='lat' dir='ltr'>orationis</span> <span class='ocrx_word' id='word_1_216' title='bbox 1703 3100 2053 3159; x_wconf 85' lang='lat' dir='ltr'>notavisset:</span> <span class='ocrx_word' id='word_1_217' title='bbox 2100 3107 2230 3159; x_wconf 82' lang='lat' dir='ltr'>tum</span> <span class='ocrx_word' id='word_1_218' title='bbox 2275 3120 2355 3160; x_wconf 92' lang='lat' dir='ltr'>ne</span> <span class='ocrx_word' id='word_1_219' title='bbox 2398 3101 2694 3162; x_wconf 86' lang='lat' dir='ltr'>credibile</span> 
     </span>
     <span class='ocr_line' id='line_1_27' title="bbox 731 3200 2693 3282; baseline 0.003 -22"><span class='ocrx_word' id='word_1_220' title='bbox 731 3201 983 3282; x_wconf 86' lang='lat' dir='ltr'>quidem</span> <span class='ocrx_word' id='word_1_221' title='bbox 1031 3210 1120 3262; x_wconf 85' lang='lat' dir='ltr'>est</span> <span class='ocrx_word' id='word_1_222' title='bbox 1169 3201 1309 3261; x_wconf 84' lang='lat' dir='ltr'>istos</span> <span class='ocrx_word' id='word_1_223' title='bbox 1357 3200 1672 3262; x_wconf 84' lang='lat' dir='ltr'>historicos</span> <span class='ocrx_word' id='word_1_224' title='bbox 1721 3221 1795 3262; x_wconf 89' lang='lat' dir='ltr'>eo</span> <span class='ocrx_word' id='word_1_225' title='bbox 1846 3202 1968 3261; x_wconf 90' lang='lat' dir='ltr'>iam</span> <span class='ocrx_word' id='word_1_226' title='bbox 2001 3221 2335 3281; x_wconf 86' lang='lat' dir='ltr'>progressos</span> <span class='ocrx_word' id='word_1_227' title='bbox 2365 3203 2547 3265; x_wconf 85' lang='lat' dir='ltr'>fuisse</span> <span class='ocrx_word' id='word_1_228' title='bbox 2564 3250 2584 3280; x_wconf 90' lang='lat'><em>,</em></span> <span class='ocrx_word' id='word_1_229' title='bbox 2623 3213 2693 3265; x_wconf 87' lang='lat' dir='ltr'>ut</span> 
     </span>
     <span class='ocr_line' id='line_1_28' title="bbox 729 3304 2692 3384; baseline 0.001 -19"><span class='ocrx_word' id='word_1_230' title='bbox 729 3306 909 3365; x_wconf 88' lang='lat' dir='ltr'>illum</span> <span class='ocrx_word' id='word_1_231' title='bbox 942 3304 1581 3384; x_wconf 67' lang='lat' dir='ltr'>praestantissimorum</span> <span class='ocrx_word' id='word_1_232' title='bbox 1615 3304 1980 3365; x_wconf 86' lang='lat' dir='ltr'>Graecorum</span> <span class='ocrx_word' id='word_1_233' title='bbox 2025 3325 2257 3366; x_wconf 87' lang='lat' dir='ltr'>morem</span> <span class='ocrx_word' id='word_1_234' title='bbox 2290 3307 2692 3368; x_wconf 83' lang='lat' dir='ltr'>imitarentur.</span> 
     </span>
     <span class='ocr_line' id='line_1_29' title="bbox 732 3406 2693 3489; baseline 0 -21"><span class='ocrx_word' id='word_1_235' title='bbox 732 3409 950 3469; x_wconf 82' lang='lat' dir='ltr'>Contra</span> <span class='ocrx_word' id='word_1_236' title='bbox 997 3406 1154 3466; x_wconf 90' lang='lat' dir='ltr'>mihi</span> <span class='ocrx_word' id='word_1_237' title='bbox 1204 3406 1449 3466; x_wconf 87' lang='lat' dir='ltr'>videtur</span> <span class='ocrx_word' id='word_1_238' title='bbox 1497 3407 1732 3469; x_wconf 87' lang='lat' dir='ltr'>Atticus</span> <span class='ocrx_word' id='word_1_239' title='bbox 1750 3453 1768 3484; x_wconf 89' lang='lat'><em>‚</em></span> <span class='ocrx_word' id='word_1_240' title='bbox 1826 3408 1905 3468; x_wconf 90' lang='lat' dir='ltr'>de</span> <span class='ocrx_word' id='word_1_241' title='bbox 1954 3409 2307 3488; x_wconf 82' lang='lat' dir='ltr'>aequalibus</span> <span class='ocrx_word' id='word_1_242' title='bbox 2349 3410 2657 3489; x_wconf 80' lang='lat' dir='ltr'>disputans</span> <span class='ocrx_word' id='word_1_243' title='bbox 2672 3456 2693 3486; x_wconf 88' lang='lat'><em>,</em></span> 
     </span>
     <span class='ocr_line' id='line_1_30' title="bbox 730 3509 2695 3593; baseline 0.001 -22"><span class='ocrx_word' id='word_1_244' title='bbox 730 3530 926 3593; x_wconf 88' lang='lat' dir='ltr'>quum</span> <span class='ocrx_word' id='word_1_245' title='bbox 981 3509 1347 3588; x_wconf 79' lang='lat' dir='ltr'>intelligeret</span> <span class='ocrx_word' id='word_1_246' title='bbox 1397 3511 1720 3571; x_wconf 84' lang='lat' dir='ltr'>oratoriam</span> <span class='ocrx_word' id='word_1_247' title='bbox 1776 3509 2126 3572; x_wconf 76' lang='lat' dir='ltr'>facultatem</span> <span class='ocrx_word' id='word_1_248' title='bbox 2174 3520 2237 3571; x_wconf 89' lang='lat' dir='ltr'>et</span> <span class='ocrx_word' id='word_1_249' title='bbox 2269 3514 2557 3572; x_wconf 88' lang='lat' dir='ltr'>virtutem</span> <span class='ocrx_word' id='word_1_250' title='bbox 2589 3531 2695 3571; x_wconf 86' lang='lat' dir='ltr'>re—</span> 
     </span>
     <span class='ocr_line' id='line_1_31' title="bbox 733 3612 2695 3694; baseline 0.002 -22"><span class='ocrx_word' id='word_1_251' title='bbox 733 3614 898 3694; x_wconf 81' lang='lat' dir='ltr'>quiri</span> <span class='ocrx_word' id='word_1_252' title='bbox 952 3613 1019 3672; x_wconf 90' lang='lat' dir='ltr'>in</span> <span class='ocrx_word' id='word_1_253' title='bbox 1071 3612 1230 3674; x_wconf 90' lang='lat' dir='ltr'>bene</span> <span class='ocrx_word' id='word_1_254' title='bbox 1280 3612 1596 3674; x_wconf 86' lang='lat' dir='ltr'>scribenda</span> <span class='ocrx_word' id='word_1_255' title='bbox 1647 3614 1898 3676; x_wconf 86' lang='lat' dir='ltr'>historia</span> <span class='ocrx_word' id='word_1_256' title='bbox 1915 3662 1932 3691; x_wconf 93' lang='lat'>‚</span> <span class='ocrx_word' id='word_1_257' title='bbox 1971 3635 2096 3678; x_wconf 87' lang='lat' dir='ltr'>non</span> <span class='ocrx_word' id='word_1_258' title='bbox 2129 3622 2366 3675; x_wconf 86' lang='lat' dir='ltr'>tantum</span> <span class='ocrx_word' id='word_1_259' title='bbox 2399 3615 2476 3676; x_wconf 89' lang='lat' dir='ltr'>de</span> <span class='ocrx_word' id='word_1_260' title='bbox 2514 3615 2695 3677; x_wconf 69' lang='lat' dir='ltr'>Macri</span> 
     </span>
     <span class='ocr_line' id='line_1_32' title="bbox 731 3715 2694 3794; baseline 0.001 -15"><span class='ocrx_word' id='word_1_261' title='bbox 731 3718 997 3779; x_wconf 87' lang='lat' dir='ltr'>historiis</span> <span class='ocrx_word' id='word_1_262' title='bbox 1014 3763 1033 3793; x_wconf 89' lang='lat'>‚</span> <span class='ocrx_word' id='word_1_263' title='bbox 1072 3716 1176 3777; x_wconf 87' lang='lat' dir='ltr'>sed</span> <span class='ocrx_word' id='word_1_264' title='bbox 1212 3715 1290 3777; x_wconf 88' lang='lat' dir='ltr'>de</span> <span class='ocrx_word' id='word_1_265' title='bbox 1322 3717 1538 3778; x_wconf 89' lang='lat' dir='ltr'>eodem</span> <span class='ocrx_word' id='word_1_266' title='bbox 1576 3726 1810 3779; x_wconf 85' lang='lat' dir='ltr'>oratore</span> <span class='ocrx_word' id='word_1_267' title='bbox 1842 3719 2026 3779; x_wconf 87' lang='lat' dir='ltr'>etiam</span> <span class='ocrx_word' id='word_1_268' title='bbox 2057 3719 2413 3779; x_wconf 85' lang='lat' dir='ltr'>sententiam</span> <span class='ocrx_word' id='word_1_269' title='bbox 2444 3719 2661 3780; x_wconf 73' lang='lat' dir='ltr'>dixisse</span> <span class='ocrx_word' id='word_1_270' title='bbox 2675 3764 2694 3794; x_wconf 88' lang='lat'>‚</span> 
     </span>
     <span class='ocr_line' id='line_1_33' title="bbox 735 3820 2696 3902; baseline 0 -19"><span class='ocrx_word' id='word_1_271' title='bbox 735 3821 916 3883; x_wconf 87' lang='lat' dir='ltr'>sicuti</span> <span class='ocrx_word' id='word_1_272' title='bbox 957 3840 1098 3881; x_wconf 83' lang='lat' dir='ltr'>mox</span> <span class='ocrx_word' id='word_1_273' title='bbox 1146 3820 1291 3881; x_wconf 84' lang='lat' dir='ltr'>facit</span> <span class='ocrx_word' id='word_1_274' title='bbox 1329 3820 1397 3880; x_wconf 87' lang='lat' dir='ltr'>in</span> <span class='ocrx_word' id='word_1_275' title='bbox 1434 3820 1708 3881; x_wconf 89' lang='lat' dir='ltr'>Sisenna:</span> <span class='ocrx_word' id='word_1_276' title='bbox 1750 3842 1952 3902; x_wconf 87' lang='lat' dir='ltr'>neque</span> <span class='ocrx_word' id='word_1_277' title='bbox 1989 3822 2256 3883; x_wconf 89' lang='lat' dir='ltr'>alienum</span> <span class='ocrx_word' id='word_1_278' title='bbox 2298 3830 2385 3882; x_wconf 86' lang='lat' dir='ltr'>est</span> <span class='ocrx_word' id='word_1_279' title='bbox 2434 3830 2696 3883; x_wconf 83' lang='lat' dir='ltr'>statuere</span> 
     </span>
     <span class='ocr_line' id='line_1_34' title="bbox 736 3923 2696 4006; baseline -0.001 -18"><span class='ocrx_word' id='word_1_280' title='bbox 736 3947 881 3988; x_wconf 90' lang='lat' dir='ltr'>eum</span> <span class='ocrx_word' id='word_1_281' title='bbox 907 3946 982 3986; x_wconf 85' lang='lat' dir='ltr'>ex</span> <span class='ocrx_word' id='word_1_282' title='bbox 1016 3924 1194 3985; x_wconf 85' lang='lat' dir='ltr'>editis</span> <span class='ocrx_word' id='word_1_283' title='bbox 1223 3923 1403 3984; x_wconf 73' lang='lat' dir='ltr'>Macri</span> <span class='ocrx_word' id='word_1_284' title='bbox 1431 3924 1800 3985; x_wconf 87' lang='lat' dir='ltr'>orationibus</span> <span class='ocrx_word' id='word_1_285' title='bbox 1824 3925 2125 3985; x_wconf 87' lang='lat' dir='ltr'>iudicare:</span> <span class='ocrx_word' id='word_1_286' title='bbox 2153 3925 2491 4006; x_wconf 85' lang='lat' dir='ltr'>eodemque</span> <span class='ocrx_word' id='word_1_287' title='bbox 2515 3926 2696 3988; x_wconf 87' lang='lat' dir='ltr'>modo</span> 
     </span>
     <span class='ocr_line' id='line_1_35' title="bbox 738 4027 2695 4105; baseline 0.001 -16"><span class='ocrx_word' id='word_1_288' title='bbox 738 4029 946 4090; x_wconf 87' lang='lat' dir='ltr'>Cicero</span> <span class='ocrx_word' id='word_1_289' title='bbox 991 4028 1070 4089; x_wconf 91' lang='lat' dir='ltr'>de</span> <span class='ocrx_word' id='word_1_290' title='bbox 1122 4028 1492 4088; x_wconf 87' lang='lat' dir='ltr'>Demochare</span> <span class='ocrx_word' id='word_1_291' title='bbox 1545 4027 1777 4088; x_wconf 85' lang='lat' dir='ltr'>iudicat</span> <span class='ocrx_word' id='word_1_292' title='bbox 1827 4037 1889 4088; x_wconf 90' lang='lat' dir='ltr'>et</span> <span class='ocrx_word' id='word_1_293' title='bbox 1939 4048 2015 4088; x_wconf 81' lang='lat' dir='ltr'>ex</span> <span class='ocrx_word' id='word_1_294' title='bbox 2060 4028 2464 4105; x_wconf 86' lang='lat' dir='ltr'>orationibus,</span> <span class='ocrx_word' id='word_1_295' title='bbox 2521 4038 2583 4090; x_wconf 90' lang='lat' dir='ltr'>et</span> <span class='ocrx_word' id='word_1_296' title='bbox 2618 4049 2695 4091; x_wconf 82' lang='lat' dir='ltr'>ex</span> 
     </span>
     <span class='ocr_line' id='line_1_36' title="bbox 736 4130 2694 4210; baseline 0.002 -19"><span class='ocrx_word' id='word_1_297' title='bbox 736 4130 982 4193; x_wconf 87' lang='lat' dir='ltr'>historia</span> <span class='ocrx_word' id='word_1_298' title='bbox 1031 4151 1215 4210; x_wconf 86' lang='lat' dir='ltr'>quam</span> <span class='ocrx_word' id='word_1_299' title='bbox 1265 4131 1615 4210; x_wconf 84' lang='lat' dir='ltr'>scripserat,</span> <span class='ocrx_word' id='word_1_300' title='bbox 1675 4131 1839 4193; x_wconf 84' lang='lat' dir='ltr'>Brut.</span> <span class='ocrx_word' id='word_1_301' title='bbox 1889 4130 1968 4191; x_wconf 80' lang='lat'>83</span> <span class='ocrx_word' id='word_1_302' title='bbox 1991 4179 2005 4205; x_wconf 92' lang='lat'><strong><em>,</em></strong></span> <span class='ocrx_word' id='word_1_303' title='bbox 2062 4131 2200 4193; x_wconf 81' lang='lat'><strong>286.</strong></span> <span class='ocrx_word' id='word_1_304' title='bbox 2284 4133 2457 4207; x_wconf 87' lang='lat' dir='ltr'>Quod</span> <span class='ocrx_word' id='word_1_305' title='bbox 2491 4143 2694 4195; x_wconf 87' lang='lat' dir='ltr'>autem</span> 
     </span>
    </p>
   </div>
  </div>
 </body>
</html>
