3131 5032
1381 460 1477 534 93

459 672 890 748 educatione
923 687 997 747 et
1031 669 1125 747 de
1153 670 1527 774 disciplina
1577 672 1842 748 locum.
1937 679 2037 748 Μ.
2079 679 2187 748 Tu
2233 698 2406 750 vero

459 808 535 868 et
561 798 814 885 istum,
851 795 1115 885 Attice,
1150 809 1225 867 et
1255 797 1317 867 si
1349 818 1573 891 quem
1609 793 1833 867 alium
1857 809 1909 866 ¹.
2392 822 2403 836 2

564 919 826 990 ceter-1:⁵-
880 916 1235 1012 specimen
1285 927 1470 986 esto:
1524 912 1727 1011 quod
1768 917 1829 985 si
1877 927 2019 1004 est,
2076 926 2407 988 tenemus

454 1037 724 1106 omnia.
823 1038 921 1107 Ut
956 1037 1152 1107 enim
1194 1031 1713 1134 cupiditatibus
1750 1036 2161 1134 principum
2197 1050 2270 1108 et
2305 1037 2407 1108 vi·

457 1155 576 1224 tiis
613 1150 813 1223 infici
856 1150 1040 1223 solet
1084 1165 1239 1224 tota
1282 1154 1561 1242 civitas,
1612 1155 1719 1225 sic
1748 1153 2114 1226 emendari
2145 1166 2219 1226 et
2251 1178 2409 1228 cor-

456 1273 594 1370 rigi
635 1274 1099 1345 continentia.
1194 1274 1325 1343 Vir
1370 1294 1671 1368 magnus
1703 1285 1777 1345 et
1808 1271 2021 1346 nobis
2064 1271 2406 1346 omnibus

454 1393 762 1479 amicus,
809 1395 889 1462 L.
925 1389 1296 1483 Lucullus,
1333 1388 1703 1464 ferebatur
1738 1395 1944 1489 quasi
1980 1391 2409 1467 commodis-

455 1514 639 1582 sime
688 1509 1207 1609 respondisset,
1256 1534 1490 1608 quum
1536 1524 1722 1582 esset
1767 1511 2049 1585 obiecta
2081 1510 2408 1610 magnifl-

456 1633 692 1704 oentia
730 1629 935 1703 villae
979 1629 1449 1720 Tusculanae,
1498 1627 1650 1701 duo
1683 1653 1762 1702 se
1797 1628 2067 1704 habere
2100 1634 2409 1723 vicinos,

454 1753 905 1850 superiorem
931 1753 1254 1847 equitem
1276 1754 1720 1840 Romanum,
1752 1747 2165 1823 inferiorem
2190 1749 2408 1823 liber·

456 1874 733 1959 tinum;
782 1893 1099 1967 quorum
1142 1893 1372 1967 quum
1425 1881 1666 1942 essent
1711 1867 2130 1968 magnificae
2169 1869 2412 1961 villae,

457 1987 764 2062 concedi
818 1987 955 2061 sibi
999 2002 1338 2087 oportere
1387 1987 1589 2086 quod
1641 1990 1728 2061 iis
1765 1995 1828 2078 ²,
1885 1992 2014 2087 qui
2058 1992 2413 2064 tenuioris

461 2107 739 2182 ordinis
770 2121 1047 2199 essent,
1076 2106 1344 2181 liceret.
1442 2112 1608 2182 Non
1636 2107 1870 2199 vides,
1900 2108 2232 2201 Luculle,
2263 2136 2306 2183 a
2339 2124 2410 2183 te

458 2227 539 2302 id
581 2231 820 2327 ipsum
871 2242 1124 2301 natum
1164 2242 1246 2300 ut
1293 2227 1394 2299 illi
1447 2228 1842 2328 cuperent?
1890 2227 2160 2326 quibus
2192 2229 2298 2321 id,
2347 2231 2411 2303 si

460 2363 545 2422 tu
600 2372 748 2419 non
793 2345 1094 2438 faceres,
1153 2368 1304 2420 non
1349 2346 1620 2420 liceret.
1719 2351 1901 2440 Quis
1954 2352 2149 2421 enim
2190 2347 2411 2422 ferret
2476 2352 2568 2410 ⁸¹·

461 2471 677 2559 istoS,
724 2491 956 2567 quum
982 2466 1257 2542 videret
1293 2489 1547 2540 eorum
1573 2466 1771 2542 villas
1797 2470 2017 2568 signis
2044 2481 2118 2542 et
2155 2467 2414 2543 tabulis

460 2586 792 2679 refertas,
841 2589 1105 2690 partim
1144 2585 1487 2687 publiciS,
1532 2591 1796 2686 partim
1833 2591 2052 2662 etiam
2087 2592 2306 2662 sacris
2338 2602 2414 2663 et

462 2706 855 2808 religiosis?
919 2709 1100 2798 Quis
1140 2731 1289 2779 non
1341 2705 1705 2807 frangeret
1747 2732 2002 2781 eorum
2050 2706 2414 2801 libidines,

463 2944 788 3018 ciusdem
820 2941 1288 3019 tenerentur?
1345 2946 1497 3016 Nec
1534 2947 1730 3016 enim
1766 2957 2050 3016 tantum
2086 2944 2254 3017 mali
2297 2958 2406 3018 est
2474 2948 2619 3006 m.

456 3088 759 3166 pecoere
804 3068 1199 3165 principes,
1248 3086 1694 3162 quamquam
1736 3076 1846 3136 est
1881 3086 2225 3161 magnum
2261 3063 2408 3137 hoc

455 3209 594 3286 per
626 3209 705 3259 se
736 3187 975 3284 ipsum
1008 3183 1306 3274 malum,
1355 3196 1715 3280 quantum
1748 3180 1956 3273 illud,
2002 3182 2209 3281 quod
2244 3209 2409 3284 per-

456 3304 671 3378 multi
706 3307 1103 3376 imitatores
1132 3304 1543 3402 principum
1580 3304 1951 3375 exsistunt.
2029 3304 2210 3376 Nam
2240 3302 2408 3377 licet

455 3422 739 3515 videre,
786 3426 847 3495 si
886 3422 1062 3495 velis
1108 3421 1452 3522 replicare
1494 3424 1917 3495 memoriam
1962 3436 2406 3523 temporum,

457 3542 1024 3641 qualescumque
1055 3544 1321 3613 summi
1347 3542 1653 3613 civitatis
1684 3544 1822 3612 viri
1849 3539 2155 3633 fuerint,
2190 3542 2408 3616 talem

462 3666 822 3737 civitatem
880 3658 1130 3751 fuisse,
1191 3682 1699 3758 quaecumque
1756 3662 2060 3732 mutatio
2120 3685 2408 3734 morum

461 3784 542 3853 in
574 3776 1022 3881 principibus
1065 3781 1416 3852 exstiterit
1430 3830 1452 3869 ‚
1500 3775 1830 3852 eamdem
1869 3782 1946 3851 in
1985 3780 2260 3881 populo
2297 3806 2408 3855 se-

465 3914 800 3974 cuturam
831 3912 887 3972 ⁴.
983 3898 1215 3997 quue
1259 3897 1457 3972 haud
1500 3898 1720 3997 paulo
1755 3913 1866 3971 est
1899 3903 2139 3974 verius
2186 3925 2407 4001 quam
2470 3915 2562 3972 8².

532 4164 1047 4238 ⁸·liumpruterii.
1115 4164 1280 4219 'him
1353 4165 1648 4235 *φύσει
1720 4168 2024 4220 *uentum
