3131 5032
1251 399 1628 485 L1n.1,1,
1680 406 1741 469 2.
2351 411 2469 475 271

516 604 721 667 Livius
754 604 966 680 XXXI,
1009 604 1116 681 44,
1158 605 1219 664 9.
1253 636 1334 648 -
1366 604 1453 664 De
1481 604 1796 684 Romanis,
1836 611 1946 688 qui
1980 618 2171 672 certas
2194 613 2479 691 quasdmn

516 710 758 769 arbores
798 708 978 768 certis
1020 709 1087 767 in
1121 708 1267 769 locis
1299 709 1742 787 religiosissime
1772 713 2105 790 coluerint,
2145 716 2213 776 cs
2258 716 2482 778 Duker.

514 814 594 874 ud
641 815 769 875 Liv.
818 811 1031 889 XXIV,
1087 812 1196 888 10,
1244 812 1312 889 9,
1367 813 1479 893 qui
1523 813 1602 874 de
1635 834 1793 875 nuce
1831 816 1897 875 in
1932 817 2165 878 Sabinis
2204 819 2486 882 dubitare

515 936 637 977 non
676 915 956 975 debebat.

596 1030 902 1101 tenpestas
943 1017 1295 1102 vetusta-sve)
1376 1019 1552 1080 Goer.
1601 1039 1678 1079 ex
1718 1020 2031 1081 nonnullis
2063 1022 2235 1084 libris
2250 1069 2267 1099 ,
2312 1025 2490 1087 Mose·

515 1143 621 1182 rus
674 1141 750 1182 ex
802 1141 925 1180 uno
942 1166 962 1197 ,
1022 1130 1358 1181 memorant
1388 1122 1545 1181 hanc
1582 1121 1904 1183 lectionem
1919 1169 1938 1199 ,
1978 1129 2296 1187 necessitas
2343 1139 2489 1187 tem-

507 1236 780 1306 pestasve
795 1268 815 1298 ,
865 1242 1124 1302 eamque
1173 1244 1301 1284 non
1351 1224 1859 1283 contemnendam
1915 1226 2249 1304 appellant:
2311 1248 2489 1300 nam,

519 1329 721 1408 inquit
772 1328 979 1403 Goer„
1018 1329 1363 1388 necessitate
1413 1326 1545 1386 fieri
1600 1327 1920 1402 dicuntur,
1969 1348 2127 1409 quae
2162 1333 2495 1394 necessaris

521 1442 771 1493 naturae
799 1431 936 1509 lege
966 1431 1288 1509 eveniunt3
1319 1431 1477 1491 bene
1505 1431 1694 1510 igitur
1721 1430 1780 1491 ei
1809 1443 2113 1512 tempestas
2146 1435 2491 1514 opponitur.

522 1536 752 1595 Dicitur
785 1553 928 1594 sane
959 1533 1124 1613 apud
1160 1533 1513 1595 Ciceronem
1545 1536 1865 1595 necessitas
1881 1580 1900 1609 ,
1938 1535 2015 1594 de
2045 1555 2117 1596 ea
2145 1538 2493 1598 conditione

522 1647 771 1698 naturae
803 1655 926 1716 qua
951 1637 1091 1717 quis
1130 1644 1307 1697 natus
1339 1645 1462 1713 est,
1505 1656 1723 1715 nempe
1760 1646 1831 1697 ut
1864 1638 2188 1698 moriatur:
2230 1641 2335 1700 sed
2370 1661 2489 1699 non

519 1742 810 1801 dicuntur
854 1742 1008 1802 haec
1053 1739 1168 1800 nisi
1209 1741 1277 1799 in
1313 1740 1621 1800 humanae
1657 1748 1909 1800 naturae
1940 1741 2289 1802 conditione
2308 1790 2326 1820 ‚
2368 1764 2491 1804 non

518 1844 597 1905 de
630 1843 939 1904 inanimis:
982 1842 1062 1906 cf.
1097 1844 1256 1904 Sext.
1292 1843 1411 1918 21,
1452 1843 1550 1905 47.
1592 1842 1856 1921 Philipp.
1892 1844 2025 1920 ΧΠ,
2075 1845 2184 1921 12,
2222 1846 2336 1922 30,
2377 1856 2491 1907 cet.

520 1968 660 2008 nam
707 1948 1204 2027 philosophorum
1253 1966 1482 2022 sermo,
1536 1947 1696 2007 sicut
1733 1947 1799 2006 in
1834 1947 2005 2007 libris
2039 1948 2118 2009 de
2151 1949 2282 2010 Nat.
2317 1950 2490 2011 Deor.

519 2053 598 2114 de
645 2053 874 2127 Divin„
933 2060 993 2111 et
1045 2051 1132 2110 De
1180 2050 1354 2127 Fato,
1414 2051 1538 2110 huc
1589 2070 1711 2110 non
1762 2049 2046 2129 pertinet.
2127 2052 2269 2111 Tam
2306 2053 2492 2132 igitur

522 2156 784 2217 ridicule
813 2155 1053 2216 dicatur
1082 2174 1358 2233 quercum
1390 2155 1737 2214 necessitate
1770 2155 2074 2229 consumi,
2114 2173 2297 2234 quam
2328 2178 2494 2236 quer-

522 2280 658 2319 cum
706 2280 779 2319 ea
832 2258 1170 2319 conditione
1234 2258 1358 2317 scri
1412 2267 1480 2315 ut
1531 2267 1925 2317 consuuntur.
2026 2256 2126 2315 Est
2183 2266 2496 2336 praeterea

523 2363 688 2422 unde
736 2360 876 2441 quis
926 2360 1266 2439 suspicetur
1315 2359 1490 2419 istam
1549 2358 1870 2421 absurdam
1922 2360 2248 2420 lectionem
2301 2369 2493 2422 ortam

524 2484 665 2527 esse.
745 2466 896 2526 Nam
948 2483 1061 2544 pro
1104 2462 1306 2524 verbis
1354 2481 1513 2541 quae
1560 2461 1962 2539 antecedunt,
2005 2484 2167 2524 nunc
2199 2466 2281 2524 sit
2314 2464 2457 2526 haec
2474 2510 2492 2542 ‚

528 2571 604 2632 10
653 2569 836 2631 habet
881 2590 1041 2629 nunc
1084 2570 1177 2629 sic
1222 2578 1337 2627 ssi.-
1378 2585 1537 2646 quse
1570 2566 1881 2646 corruptio
1913 2566 2110 2627 videri
2141 2569 2361 2646 poterit
2392 2589 2492 2629 an·

522 2695 645 2735 snm
684 2673 919 2733 dedisse
956 2670 1358 2750 excogitando
1395 2672 1732 2730 necessitas.

600 2797 884 2858 mus,
940 2797 1118 2856 quam
1181 2775 1519 2835 Marianam
1577 2794 1855 2852 quercum
1904 2772 2132 2854 vocent)
2231 2773 2491 2856 Quercus

526 2881 637 2959 qui
681 2881 993 2954 omittant,
1052 2885 1313 2957 quatuor
1358 2885 1500 2936 sunt
1553 2876 1633 2935 de
1682 2875 1834 2935 meis
1881 2876 2080 2935 libris:
2137 2897 2325 2952 unns,
2384 2880 2492 2957 qui

525 3002 817 3065 quercum.
915 2982 1102 3042 Recte
1154 2990 1356 3041 tamen
1410 2980 1486 3040 ab
1538 2979 1786 3040 Ernesto
1839 2978 2163 3039 discessum
2211 2988 2328 3056 est,
2382 2984 2490 3060 qui

519 3089 639 3148 hoc
685 3086 994 3167 probabat.
1083 3085 1155 3144 Et
1196 3084 1705 3144 substantivorum
1738 3090 1868 3162 post
1902 3083 2155 3144 relativa
2188 3087 2489 3162 repetitio-

523 3209 665 3251 nem
696 3190 856 3251 bene
891 3188 1153 3248 firmavit
1183 3187 1376 3248 Beier.
1418 3186 1495 3246 ad
1526 3186 1746 3264 fragm.
1785 3206 1896 3264 pro
1928 3185 2125 3248 Tullio
2159 3207 2219 3266 p.
2255 3188 2330 3248 61
2352 3235 2370 3264 ,
2414 3191 2490 3264 h,

520 3293 745 3374 quibus
773 3292 1066 3371 exemplis
1098 3290 1190 3350 nil
1219 3290 1436 3350 attinet
1469 3288 1592 3350 elia
1630 3287 1883 3348 addere:
1925 3288 2032 3349 sed
2064 3289 2129 3348 in
2163 3288 2334 3351 Verr.
2367 3291 2459 3349 III
2474 3338 2488 3364 ‚

521 3395 632 3474 96,
661 3396 814 3472 224,
842 3394 1266 3474 repetitionem
1298 3393 1638 3473 postulabat
1659 3392 2072 3471 perspicuitas:
2107 3402 2238 3453 tum
2269 3393 2490 3455 diversi

521 3501 761 3577 veneris
812 3507 903 3559 est
953 3499 1071 3558 hoc
1117 3497 1266 3558 ibid.
1304 3496 1417 3573 79,
1462 3495 1612 3573 183,
1661 3497 1810 3574 quid
1841 3517 1911 3556 ea
1944 3517 2035 3556 res
2067 3497 2147 3556 nd
2178 3498 2334 3559 hanc
2369 3517 2491 3558 rem

517 3604 813 3683 poni-m
853 3602 971 3664 Sed
995 3600 1431 3663 consideranda
1460 3609 1605 3661 sunt
1635 3600 1825 3677 haec,
1859 3620 1933 3660 ex
1959 3600 2158 3661 Divin.
2189 3600 2279 3678 11,
2320 3604 2381 3678 1,
2418 3603 2484 3664 3:

525 3706 741 3785 quibus
773 3707 946 3766 libris
974 3706 1153 3766 editis
1171 3752 1190 3782 ,
1230 3716 1344 3766 tres
1378 3705 1521 3764 libo-2·
1541 3706 1805 3785 perfecti
1834 3714 1973 3763 sunt
2008 3704 2078 3763 de
2111 3717 2330 3766 naemu
2358 3708 2487 3767 deo-

525 3830 687 3870 nm:
727 3811 793 3870 in
824 3809 1048 3889 quilius
1083 3809 1351 3887 primum
1379 3807 1537 3866 nihil
1572 3814 1662 3866 est
1692 3826 1818 3867 non
1848 3806 2048 3866 dicam
2079 3807 2247 3886 qnod
2281 3817 2489 3885 postu-

525 3910 647 3988 let,
682 3910 792 3973 sed
827 3912 998 3993 quod
1029 3920 1275 3974 excuset
1303 3911 1727 3990 repetitionem
1759 3910 2143 3970 substantivi:
2185 3928 2388 3988 neque
2416 3931 2488 3970 ea

523 4019 717 4084 utitur
755 4015 966 4097 peullo
1009 4023 1172 4095 post:
1214 4027 1388 4096 aeque
1418 4014 1516 4074 Itis
1549 4015 1722 4074 libris
1756 4012 2183 4073 adnumerandi
2213 4025 2352 4072 sum
2386 4036 2489 4073 sex

519 4121 590 4182 do
622 4143 686 4185 rs
709 4121 980 4202 publica.
1065 4120 1353 4181 Nonnihil
1404 4126 1571 4180 certe
1616 4118 1790 4178 istius
1829 4117 2050 4178 otiosae
2085 4114 2489 4177 abundantiae
