3131 5032
1133 435 1274 502 Lm.
1320 434 1419 520 11,
1468 439 1592 520 22,
1638 437 1754 506 56.
2299 438 2423 505 559

471 644 607 723 quin
655 642 733 703 ob
785 660 910 703 non
967 641 1297 721 perfectam
1357 641 1732 721 sepulturam
1790 660 2007 721 porcae
2063 640 2425 702 sacrificium

468 746 860 822 contraxerit,
896 765 1019 825 quo
1053 746 1221 805 velut
1249 746 1491 823 piaculo
1515 746 1671 805 illud
1704 747 1924 825 expiet.
2003 745 2246 806 Aretias
2275 746 2429 806 haec

467 867 606 908 cum
646 846 918 925 proxime
957 848 1365 925 superioribus
1409 855 1738 907 nectuntur
1769 845 2114 929 (quaeque),
2154 847 2319 927 quod
2354 868 2427 909 eo

465 951 595 1029 ipso
616 969 800 1029 porca
825 950 1313 1025 contrahebatur,
1337 969 1525 1028 quum
1559 970 1624 1010 os
1645 958 1803 1011 terra
1831 952 1953 1030 tegi
1976 972 2096 1012 non
2120 951 2427 1031 potuisset.

547 1052 592 1135 ς
633 1053 731 1114 56.
814 1064 876 1112 at
926 1053 1077 1111 mihi
1125 1052 1361 1132 quidem
1406 1050 1513 1132 —)
1607 1052 1947 1113 Necessario
1996 1052 2427 1131 corrigendum

466 1177 538 1217 οο
557 1202 575 1232 ,
630 1145 681 1214 εἰ
728 1155 977 1235 quidem
1028 1155 1202 1216 nulla
1243 1156 1533 1234 oppositio
1579 1156 1644 1214 in
1688 1155 1783 1215 his
1813 1165 2152 1236 spectatur:
2194 1155 2433 1218 viderat

467 1260 805 1321 Lambinus.

547 1363 813 1423 redditur
852 1364 1012 1421 enim
1043 1375 1227 1420 terrae
1264 1381 1472 1441 corpus
1502 1393 1583 1405 —
1615 1364 1970 1442 operimento
2005 1364 2213 1423 matn‘a
2243 1362 2432 1423 obdu-

469 1464 649 1548 citur)
745 1466 1247 1543 Xenophonteum
1283 1465 1648 1523 ἐπιέσασθαι
1696 1473 1797 1545 γῆν
1833 1465 2273 1526 conferendum
2306 1486 2432 1526 eme

468 1587 613 1629 cum
657 1568 972 1629 Homerico
1024 1571 1228 1627 λάϊνον
1283 1567 1424 1626 ἕσσο
1478 1573 1701 1639 χιτῶνα
1715 1613 1733 1642 ,
1791 1577 1992 1630 monet
2036 1569 2318 1629 Valcken.
2353 1569 2433 1628 ad

468 1672 682 1734 Herod.
719 1671 861 1732 VIII
880 1717 898 1748 ,
944 1671 1079 1733 139.
1115 1692 1176 1752 p.
1213 1671 1351 1734 566.
1388 1690 1442 1732 a.
1523 1672 1613 1732 Ne
1644 1672 1905 1732 alterum
1942 1673 2228 1752 quidem,
2266 1674 2436 1733 reddi

465 1786 650 1836 terrae
705 1796 915 1857 corpus
929 1822 948 1852 ,
1006 1776 1132 1835 sine
1199 1783 1445 1835 auctore
1505 1774 1739 1834 dictum
1787 1782 1893 1836 est.
1990 1776 2142 1836 Nam
2197 1784 2437 1856 praeter

463 1877 921 1957 Xenophontem
971 1876 1065 1957 (τὸ
1111 1876 1251 1949 ἐμὸν
1309 1880 1473 1951 σῶμα
1525 1883 1594 1951 τῇ
1648 1885 1715 1956 γῇ
1760 1877 2064 1958 ἀπόδοτε),
2117 1878 2435 1958 Euripides

465 1981 682 2061 fragm.
728 1980 1109 2061 Hypsipyles,
1163 1979 1243 2039 de
1289 1978 1636 2055 humando,
1676 1988 1765 2047 εἰς
1818 1988 1919 2061 γῆν
1971 1985 2247 2060 φέροντες
2296 1990 2428 2062 γῆν.

465 2085 630 2165 quod
665 2084 829 2164 apud
876 2083 1227 2143 Ciceronem
1259 2083 1428 2143 Tusc.
1464 2082 1598 2160 111,
1639 2082 1755 2161 25,
1800 2084 1916 2161 59,
1954 2085 2267 2161 redditur,
2308 2085 2432 2145 red·

466 2189 655 2249 denda
694 2200 878 2248 terrae
919 2198 1004 2247 est
1048 2198 1219 2247 terra.
1300 2184 1396 2244 Ad
1426 2186 1606 2261 haec,
1641 2190 1819 2266 quasi
1844 2191 2197 2268 operimento
2226 2190 2432 2249 matris

468 2291 807 2365 obducitur,
835 2291 991 2348 bene
1021 2289 1176 2347 mihi
1207 2288 1449 2348 videtur
1477 2290 1694 2349 referri
1724 2288 1985 2351 Platonis
2008 2291 2177 2351 locus
2200 2291 2431 2354 Menex.
2449 2272 2463 2286 ⁶

468 2412 529 2470 p.
548 2391 688 2452 237.
708 2390 779 2466 C,
814 2398 912 2450 καὶ
945 2399 1050 2450 νῦν
1075 2396 1321 2449 κεῖσθαι
1354 2394 1808 2463 τελευτήσαντας
1841 2394 1904 2449 ἐν
1940 2401 2190 2458 οἰκείοις
2223 2399 2432 2461 τόποις

470 2501 570 2570 τῆς
610 2500 890 2568 τεκούσης
928 2499 1028 2552 καὶ
1065 2498 1374 2571 θρεψάσης
1410 2500 1508 2551 καὶ
1546 2495 1989 2572 ὑποδεξαμένης·
2030 2515 2232 2575 neque
2264 2498 2433 2557 enim

469 2601 907 2671 ὑποδέχεσθαι,
969 2596 1148 2678 (sicut
1197 2595 1625 2656 Stallbaumius
1673 2596 2124 2678 interpretatur)
2173 2598 2314 2659 h.1.
2354 2598 2434 2658 de

468 2704 668 2764 aliena
725 2701 896 2781 prole
958 2698 1336 2779 suscipienda
1400 2700 1627 2759 dicitur
1646 2747 1665 2777 ,
1726 2700 1988 2780 ideoque
2054 2698 2432 2781 repudianda

468 2806 734 2886 Dionysii
781 2805 967 2865 Halic.
1020 2822 1265 2883 quoque
1316 2803 1610 2863 sententia
1663 2810 1749 2863 est
1766 2849 1783 2879 ,
1822 2803 1934 2883 qui
1977 2803 2055 2863 de
2097 2802 2332 2864 Admir.
2370 2803 2434 2863 vi

468 2909 768 2970 Demosth.
812 2907 875 2969 T.
911 2906 1007 2968 vl.
1052 2927 1112 2986 p.
1160 2905 1336 2967 1039.
1375 2905 1447 2967 R.
1491 2907 1897 2979 ὑποδέχεσθαι
1945 2905 2132 2966 refert
2175 2905 2253 2964 ad
2295 2923 2432 2965 eam

466 3013 780 3093 refflonem
809 3031 968 3092 quae
996 3018 1418 3087 μετοικοῦντας
1452 3009 1732 3089 excipiat.
1813 3009 1969 3092 (Non
1999 3017 2138 3069 utor
2162 3007 2433 3088 Burgeaii

466 3118 814 3179 coniectura
833 3161 853 3191 ‚
908 3113 975 3174 in
1026 3112 1219 3173 literis
1265 3112 1344 3173 ad
1393 3132 1493 3172 me
1537 3112 1727 3188 datis,
1767 3114 1878 3192 qui
1912 3131 2025 3191 pro
2067 3115 2273 3176 τόποις
2306 3111 2432 3189 legi

465 3221 603 3281 vult
653 3225 926 3284 κόλποις,
989 3225 1064 3277 ut
1100 3218 1328 3297 gremio
1377 3215 1766 3295 respondeat:
1807 3234 2178 3295 quamquam
2211 3218 2429 3280 κόλπος

464 3324 549 3385 ita
580 3323 808 3384 dicitur
838 3321 905 3380 in
933 3321 1364 3399 epigrammate
1395 3318 1557 3398 apud
1590 3319 1895 3380 Demosth.
1929 3318 2141 3378 Coron.
2167 3338 2228 3398 p.
2259 3315 2429 3398 322.)

546 3428 702 3506 quod
736 3424 953 3507 procul
994 3423 1076 3483 ad
1123 3425 1336 3484 Fontis
1385 3421 1549 3503 arae)
1642 3422 1801 3484 Arae
1828 3421 2186 3482 solvendum
2220 3421 2285 3481 in
2319 3441 2429 3482 ara

467 3540 587 3588 ut.-
625 3537 759 3590 tum
796 3548 833 3589 e
880 3525 1064 3588 Codd.
1082 3573 1102 3604 ,
1143 3533 1399 3586 assumta
1432 3525 1724 3605 Wagneri
1764 3525 2171 3600 correctione,
2210 3523 2428 3604 legen-

468 3629 618 3689 dum
653 3630 808 3708 quod
831 3629 990 3689 haud
1014 3631 1223 3709 procul
1253 3651 1292 3689 a
1323 3630 1505 3689 Fovm‘
1537 3650 1645 3689 ara
1678 3640 1783 3689 est.
1864 3629 2013 3689 Nam
2046 3627 2213 3708 quod
2244 3628 2423 3689 Mose-

465 3753 572 3793 rus
602 3731 794 3792 edidit
822 3752 937 3810 quo
955 3777 974 3807 ,
1011 3733 1254 3810 probari
1282 3753 1407 3793 non
1427 3741 1650 3813 potest,
1690 3733 1978 3812 quoniam
2009 3752 2131 3792 non
2159 3733 2424 3812 sepulcro

464 3856 574 3913 eo,
626 3835 733 3896 aed
775 3856 842 3895 εο
882 3837 1007 3894 ritu
1041 3834 1318 3894 conditus
1359 3836 1555 3897 Numa
1597 3836 1844 3896 dicitur.
1924 3835 2175 3914 Negatio
2217 3843 2423 3894 tamen

464 3948 674 4001 utrum
706 3937 1035 4000 necessario
1063 3937 1381 3998 inserenda
1402 3940 1504 4014 sit,
1536 3939 1805 3999 dubitari
1837 3946 2057 4019 potest:
2089 3937 2213 3997 vid.
2233 3937 2419 3997 Orell.

460 4044 735 4106 Analect.
785 4041 915 4104 vol.
954 4040 1054 4102 lv.
1099 4040 1164 4101 P.
1208 4040 1291 4101 ll.
1335 4062 1399 4120 p.
1445 4042 1587 4103 592.
1643 4042 1976 4121 Hadvigius
2023 4049 2226 4100 tamen
2279 4038 2423 4101 Pro·

459 4168 710 4226 gramm.
764 4168 824 4228 p.
871 4144 950 4207 23
971 4191 989 4222 ,
1042 4144 1201 4204 baud
1242 4145 1590 4223 requirens,
1639 4147 1724 4205 sic
1771 4144 2200 4223 corrigendum
2244 4151 2420 4223 putat
