3131 5032
777 458 910 522 594
1458 453 1594 519 Lm.
1641 449 1774 527 111,
1822 459 1900 533 4,
1962 452 2059 516 11.

852 680 999 740 quos
1055 659 1180 718 sibi
1230 658 1430 739 plebes
1486 656 1766 740 rogassit)
1862 657 2098 739 Rogare
2163 676 2291 717 csse
2343 677 2456 737 pro
2514 678 2708 718 creare
2734 705 2755 736 ,

779 768 1172 824 annotaverat
1203 760 1459 820 Bloserus
1494 759 1573 821 ad
1606 759 1946 837 superiora,
1984 760 2323 839 (consulum
2356 760 2751 842 regundorum

777 863 977 948 ergo),
1018 865 1275 924 excitato
1324 862 1458 924 loco
1508 863 1708 923 Divin.
1751 862 1815 938 1,
1862 862 1971 938 17,
2013 861 2113 924 33.
2194 864 2329 924 Non
2362 872 2566 924 tamen
2596 873 2748 942 puto

778 969 910 1030 eius
965 968 1083 1028 loci
1134 965 1551 1027 auctoritatem
1600 967 1907 1045 pertinere
1958 964 2035 1025 ad
2088 966 2461 1045 probandam
2496 966 2748 1028 locutio·

775 1092 917 1132 nem
952 1072 1018 1130 in
1052 1071 1168 1130 hac
1204 1068 1590 1129 tribunorum
1634 1069 1980 1129 mentione:
2022 1088 2164 1128 nam
2206 1072 2472 1131 consulu
2505 1091 2706 1152 rogare
2721 1115 2745 1147 ‚

777 1183 839 1235 et
894 1176 1266 1235 comitiorum
1322 1182 1591 1253 rogator,
1633 1171 1995 1231 dicebantur
2029 1172 2107 1232 de
2147 1173 2457 1250 Graccho,
2497 1173 2607 1252 qui
2639 1174 2741 1234 ha·

771 1277 944 1337 beret
997 1274 1104 1334 illa
1154 1273 1430 1345 comitia,
1467 1279 1530 1333 et
1564 1274 1648 1333 sic
1683 1274 1863 1334 modo
1895 1294 2073 1353 supra
2109 1274 2340 1335 dictum
2373 1284 2495 1336 est:
2537 1277 2740 1356 itaque

774 1387 1048 1440 servatur
1095 1375 1336 1456 propria
1390 1377 1560 1435 verbi
1602 1397 1807 1458 rogare
1847 1385 2100 1455 potestas
2136 1378 2199 1436 in
2230 1378 2486 1438 talibus:
2531 1398 2740 1439 verum

762 1463 943 1561 plebs
991 1499 1112 1540 non
1167 1491 1365 1560 rogat,
1425 1479 1530 1539 sed
1584 1492 1742 1540 creat
1800 1479 2106 1557 tribunos,
2152 1490 2219 1540 ut
2250 1480 2295 1563 §
2329 1482 2386 1544 9.
2423 1482 2530 1543 fin.
2608 1482 2737 1541 Nou

765 1583 982 1642 dubito
1017 1581 1170 1661 quin
1202 1580 1632 1658 corrigendum
1666 1580 1742 1639 sit
1776 1582 2037 1641 creauit.
2568 1604 2575 1609 ·

844 1683 888 1765 §
934 1683 1027 1742 11.
1112 1684 1236 1743 loco
1270 1695 1505 1741 senator
1536 1693 1594 1740 et
1630 1681 1795 1740 modo
1832 1679 2021 1760 orato)
2100 1679 2261 1740 Bene
2300 1682 2617 1761 repudiata
2652 1690 2739 1743 est

761 1786 917 1846 mira
935 1784 1185 1845 Manutii
1209 1785 1560 1844 coniectura
1590 1783 1654 1841 in
1684 1781 1779 1841 his
1810 1782 2293 1861 transponendis:
2339 1804 2542 1863 neque
2570 1786 2730 1844 enim

768 1895 877 1949 aut
910 1909 1093 1947 causa
1133 1886 1255 1946 ulla
1289 1885 1434 1963 fingi
1453 1930 1472 1959 ‚
1513 1892 1620 1945 aut
1657 1885 1830 1963 culpa
1861 1903 1986 1943 esse
2018 1890 2211 1962 potest
2239 1883 2393 1944 hacc
2418 1894 2734 1966 praecepta

762 1988 1266 2068 transgrediendi.

841 2104 935 2152 ast
968 2092 1116 2171 quid
1150 2086 1531 2168 tur-bassum)
1612 2088 1958 2149 Secundum
2006 2107 2084 2148 ea
2125 2107 2282 2167 quae
2319 2110 2502 2170 supra
2535 2090 2734 2170 dispu-

765 2194 920 2267 tavi,
969 2195 1031 2252 h.
1062 2193 1105 2252 l.
1156 2210 1361 2250 rursus
1407 2190 1757 2269 recipienda
1796 2191 2094 2251 correctio
2127 2204 2219 2251 ast
2250 2194 2310 2251 si
2342 2195 2496 2272 quid
2525 2230 2621 2256 —.
2660 2224 2734 2241 —

767 2296 898 2356 Mox
963 2293 1156 2370 edidi,
1204 2295 1381 2370 fraus
1431 2294 1695 2353 auctoris
1743 2304 1863 2351 esto
1883 2338 1901 2367 ‚
1958 2292 2296 2354 secundum
2345 2295 2533 2357 libros
2578 2316 2735 2358 meos

764 2406 999 2458 tautum
1039 2415 1162 2456 non
1192 2414 1426 2455 omnes:
1459 2403 1521 2453 et
1553 2402 1755 2453 tamen
1783 2393 2168 2455 manifestum
2196 2405 2281 2455 est
2315 2398 2496 2458 unice
2525 2419 2733 2460 verum

764 2520 890 2561 esse
938 2500 1195 2573 actoni,
1252 2496 1391 2557 coli.
1440 2496 1602 2557 infra
1654 2496 1793 2574 Cap.
1853 2495 1965 2571 19,
2023 2495 2123 2558 42.
2203 2498 2498 2561 Frondem
2536 2502 2735 2562 minus

765 2611 932 2665 recte
996 2601 1270 2661 Davisius
1321 2601 1754 2678 interpretatur
1807 2619 2099 2678 poenam:
2161 2609 2248 2661 est
2300 2603 2467 2662 enim
2518 2603 2731 2683 culpa,

765 2707 1060 2767 delictum
1096 2723 1290 2783 poena
1324 2703 1761 2780 coercendum3
1809 2712 1879 2761 ut
1910 2701 2071 2763 Coel.
2106 2702 2220 2778 24,
2263 2704 2376 2778 59,
2417 2705 2550 2768 init.

849 2809 1071 2890 auguri
1110 2807 1356 2887 publico
1397 2804 1673 2886 parente)
1772 2805 2028 2865 Publica
2087 2806 2451 2866 servandum
2471 2853 2490 2883 ,
2545 2828 2735 2890 quum

769 2932 950 2990 supra
981 2929 1229 2990 quoquc
1262 2908 1360 2984 11,
1396 2908 1473 2984 8,
1509 2909 1609 2970 20.
1649 2908 1748 2968 fin.
1773 2908 2011 2988 publici
2045 2929 2299 2990 augures
2333 2912 2733 2990 appellentur.

840 3013 1218 3095 promulgata
1268 3042 1348 3054 ——
1398 3012 1639 3091 cognita
1685 3003 1934 3090 agunto)
2030 3007 2357 3071 Offensioni
2404 3021 2545 3071 sunt
2593 3013 2736 3074 viris

772 3117 964 3178 doctis
1015 3114 1196 3175 verba
1233 3117 1301 3173 in
1334 3114 1585 3173 aerario.
1666 3111 1965 3171 Manutius
1991 3111 2239 3189 corrigit
2274 3114 2343 3171 in
2374 3115 2542 3184 foro.-
2582 3116 2735 3177 Goo-

773 3222 1050 3295 rem-ius,
1105 3220 1176 3276 in
1227 3239 1395 3277 aere.-
1452 3216 1558 3276 scd
1593 3215 1640 3273 si
1678 3217 1745 3273 in
1780 3236 1879 3275 aee
1920 3216 2117 3275 incidi
2151 3215 2513 3280 dicebantur
2544 3221 2732 3300 leges,

776 3346 900 3385 non
954 3322 1183 3382 idcirco
1230 3319 1474 3399 probari
1506 3319 1726 3396 poterit
1760 3326 1867 3378 aut
1890 3320 2192 3398 proposita
2229 3320 2300 3378 in
2330 3341 2492 3399 aare,
2532 3332 2638 3384 aut
2669 3325 2737 3382 in

774 3445 906 3486 aero
959 3423 1235 3503 cognita.-
1296 3427 1428 3478 tum
1449 3464 1465 3492 ,
1525 3438 1684 3497 quae
1731 3417 1797 3477 in
1849 3438 1948 3478 aes
2001 3419 2187 3480 incisa
2235 3432 2442 3498 erant,
2500 3443 2569 3484 ea
2612 3425 2732 3484 iam

772 3526 986 3605 populi
1021 3525 1176 3583 iussa
1213 3521 1630 3596 habebantur,
1672 3540 1876 3599 neque
1911 3521 2235 3600 quisquam
2269 3545 2441 3605 agore
2471 3534 2732 3604 poterat:

775 3627 936 3687 conf.
973 3626 1232 3702 Philipp.
1267 3624 1332 3699 1,
1378 3623 1448 3698 7,
1494 3623 1590 3683 16.
1637 3622 1747 3698 10,
1778 3623 1883 3684 26:
1926 3623 2111 3702 igitur
2137 3624 2218 3685 de
2245 3625 2441 3687 Clodii
2471 3629 2735 3690 inaudita

774 3728 1087 3809 superbia,
1143 3725 1562 3785 incidebantur
1609 3727 1734 3784 iam
1781 3727 1943 3785 domi
1995 3727 2185 3808 leges,
2242 3727 2443 3791 Milon.
2479 3730 2595 3809 32,
2636 3730 2731 3793 87.

777 3829 1038 3892 Orellius
1071 3824 1530 3887 commendabat
1570 3828 1638 3884 in
1676 3826 1847 3886 albo:
1888 3827 2212 3906 equidem,
2253 3849 2447 3908 quum
2489 3832 2734 3894 minime

773 3941 1049 3996 constans
1098 3930 1176 3989 sit
1224 3927 1443 4003 lectio,
1485 3928 1552 3986 in
1592 3948 1715 3988 uno
1750 3928 1893 3991 Cod.
1929 3931 2111 3990 etiam
2149 3932 2216 3990 in
2252 3952 2522 4014 praepos.
2555 3936 2733 3997 omit-

779 4046 972 4111 tatur,
1013 4032 1134 4112 legi
1168 4052 1334 4112 posse
1368 4040 1515 4110 puto
1548 4044 1797 4110 tempore
1849 4036 2091 4115 cognita
2107 4079 2126 4109 ,
2165 4036 2456 4114 quoniam
2483 4040 2732 4119 prond-

767 4141 934 4218 gaeio
1000 4144 1062 4196 et
1124 4135 1538 4194 trinuudinum
1603 4134 1930 4194 coniuncte
1991 4141 2452 4201 commemorari
2511 4143 2728 4212 solent,
