3131 5032
1487 481 1578 557 71

561 719 772 769 mane
824 697 1131 793 excipiat
1167 714 1190 753 ι
1253 694 1475 768 altera
1524 694 1674 785 lex,
1720 696 2070 793 praecipit
2107 694 2327 766 altera
2364 695 2517 793 lege

559 828 690 886 ut²
753 818 870 887 cui
918 838 1099 887 auro
1137 814 1390 888 dentes
1423 818 1644 886 vincti
1679 828 1918 887 oesent
1951 817 2165 884 astim
2205 840 2361 885 cum
2398 814 2520 885 illo

553 935 933 1032 ,repelletur
962 950 1033 1005 et
1067 960 1143 1007 ve
1168 945 1195 985 ⁸
1237 961 1316 1006 se
1332 932 1604 1030 fraude
1639 949 1826 1006 esto.-
1857 946 1932 1005 et
1958 933 2173 1005 simul
2204 933 2383 1005 illud
2415 937 2517 1004 vi-

554 1053 839 1144 detote,
864 1054 1060 1127 aliud
1087 1052 1419 1126 habitum
1445 1078 1600 1126 esse
1627 1052 2053 1152 sepeliretur
2076 1075 2197 1123 ere
2214 1056 2266 1123 ⁴.
2315 1057 2516 1126 Duae
2580 1055 2671 1109 ⁶¹·

560 1185 731 1244 sunt
768 1187 1139 1270 praeterea
1176 1170 1369 1268 leges
1406 1171 1499 1243 de
1529 1171 1915 1270 sepulcris,
1949 1194 2260 1268 quarum
2296 1170 2517 1244 altera

561 1295 1011 1391 privatorum
1046 1289 1420 1381 aedificiis,
1449 1288 1672 1363 altera
1707 1293 1879 1389 ipsis
1913 1290 2262 1388 sepulcris
2293 1305 2515 1363 oevet.

563 1414 748 1484 Nam
787 1410 989 1509 quod
1049 1435 1309 1509 rogum
1363 1409 1752 1483 bustumve
1800 1435 2072 1483 novum
2116 1423 2309 1483 vetat
2346 1435 2516 1509 pro-

560 1532 723 1627 pius
772 1533 1140 1627 sexaginta
1189 1529 1412 1630 pedes
1458 1529 1674 1602 adiici
1716 1529 1929 1603 aedes
1972 1529 2238 1602 alienas
2284 1533 2515 1603 invito

554 1648 902 1737 domino,
966 1649 1382 1722 incendium
1451 1663 1746 1723 veretur
1821 1647 2191 1722 acerbum.
2298 1650 2515 1740 Quod

555 1783 795 1842 autem
841 1793 1098 1841 eorum
1124 1785 1184 1860 ⁵,
1242 1767 1318 1840 id
1359 1782 1470 1841 est
1513 1767 1955 1841 vestibulum
1996 1767 2344 1866 sepulcri,
2382 1767 2516 1841 bu-

553 1904 841 1962 stumve
875 1892 1180 1988 usucapi
1214 1902 1437 1978 vetat,
1468 1901 1721 1960 tuetur
1752 1890 1865 1959 ius
1895 1886 2418 1983 sepulcrorum.

649 2013 841 2082 Haec
897 2006 1251 2082 habemus
1310 2012 1389 2079 in
1444 2012 1609 2079 XII:
1655 2029 1827 2078 sane
1870 2004 2271 2078 secundum
2312 2020 2518 2080 natu-

553 2152 743 2219 ram,
811 2152 1001 2227 quae
1068 2152 1326 2201 norma
1389 2127 1568 2225 legis
1624 2139 1753 2199 oet.
1851 2125 2156 2223 Reliqua
2212 2140 2383 2199 sunt
2442 2131 2520 2198 in

553 2272 794 2337 more,
854 2246 1078 2319 funus
1116 2261 1201 2319 ut
1236 2247 1601 2320 indicatur
1643 2251 1706 2318 si
1750 2246 1930 2344 quid
1975 2245 2354 2338 ludorum,
2392 2247 2520 2320 do-

551 2390 862 2465 musque
882 2382 910 2422 ⁸
940 2364 1218 2439 funeris
1244 2380 1493 2440 utatur
1521 2389 1826 2439 accenso
1846 2380 2069 2463 atque
2101 2366 2512 2456 lictoribuS,

555 2487 1079 2560 honoratorum
1117 2489 1442 2560 virorum
1472 2484 1722 2561 laudes
1747 2490 1825 2558 in
1855 2490 2328 2560 concionem⁷
2363 2512 2513 2561 me-
2580 2499 2669 2554 62.

553 2621 931 2681 morantur
956 2616 1019 2698 ⁸,
1071 2631 1337 2704 easque
1383 2610 1602 2682 etiam
1653 2621 1727 2680 et
1758 2626 1786 2668 ⁹
1843 2621 2097 2680 cantus
2130 2606 2223 2679 ad
2274 2608 2512 2680 tibici-

552 2750 721 2798 nem
754 2740 1263 2826 prosequatur,
1298 2730 1421 2820 cui
1462 2750 1734 2799 nomen
1772 2730 2060 2817 neniae,
2106 2751 2257 2823 quo
2301 2752 2512 2800 voca-

552 2843 729 2917 bulo
772 2849 986 2919 etiam
1030 2849 1325 2919 Graecis
1359 2861 1616 2920 cantus
1642 2845 1987 2944 lugubres
2019 2850 2509 2919 nominantur.

551 2966 642 3055 Q.
678 2965 973 3038 Gaudeo
1002 2979 1253 3038 nostra
1287 2968 1443 3039 iura
1468 2965 1559 3038 ad
1588 2980 1921 3037 naturam
1952 2964 2508 3055 accommodari,
2580 2996 2737 3054 nv,

550 3087 1049 3182 maiorumque
1075 3087 1427 3184 sapientia
1453 3082 1853 3157 admodum
1878 3082 2220 3155 delector.
2253 3089 2350 3154 M.
2373 3085 2511 3157 Sed

545 3204 795 3294 credo,
853 3207 1163 3295 Quinte,
1218 3219 1305 3276 ut
1358 3218 1638 3277 ceteros
1673 3212 1734 3254 ¹⁰
1784 3215 2103 3293 sumtuS,
2143 3205 2248 3274 sic
2291 3206 2508 3275 etiam

546 3323 1048 3422 sepulcrorum
1100 3322 1403 3395 modum
1449 3335 1647 3394 recte
1686 3323 1981 3417 requiri.
2080 3321 2283 3410 Quos
2314 3325 2503 3393 enim
2547 3371 2591 3383 -.

544 3443 638 3515 ad
671 3457 958 3515 sumtus
989 3467 1365 3542 progressa
1398 3446 1543 3515 iam
1573 3445 1713 3513 ista
1751 3465 1866 3512 res
1896 3443 2020 3529 sit,
2057 3444 2133 3511 in
2169 3445 2245 3512 C.
2276 3442 2505 3540 Figuli

545 3562 880 3662 sepulcro
906 3561 1167 3635 vidisse
1198 3562 1419 3635 credo
1445 3570 1502 3610 ¹¹
1549 3564 1916 3632 minimam
1950 3559 2125 3631 olim
2163 3564 2369 3633 istius
2401 3568 2506 3635 rei

547 3681 765 3757 fuisse
788 3681 1282 3782 cupiditatem3
1302 3682 1628 3779 alioquin
1652 3680 1879 3752 multa
1893 3693 2253 3752 exstarent
2267 3706 2505 3754 exem-

603 4025 619 4058 ¹
651 4022 869 4092 excipit.
916 4022 939 4058 ²
966 4017 1335 4090 mpnooipit
1362 4013 1520 4067 alters
1550 4013 1671 4082 lege
1697 4022 1776 4064 nt.
1827 4015 1851 4051 ⁸
1876 4021 2078 4078 escunt;
2109 4023 2184 4064 ast
2200 4015 2273 4063 im
2290 4031 2409 4064 oum
2426 4017 2519 4065 ino

526 4107 751 4178 sepelire
772 4142 790 4171 ,
820 4121 1060 4158 nroreve.
1131 4104 1158 4144 ⁶
1189 4099 1414 4171 sepelire
1444 4109 1499 4151 et
1525 4114 1697 4152 urere.
1767 4098 1794 4136 ⁸
1827 4097 2020 4149 forum.
2092 4100 2118 4135 ⁸
2151 4095 2518 4165 dominusque.

533 4195 850 4247 *concinam
903 4196 931 4234 ⁸
957 4198 1328 4246 memorentur·
1380 4191 1616 4240 ’om-et.
1667 4184 1718 4225 ¹⁰
1731 4183 1911 4239 oneri.
1965 4185 2013 4224 ¹¹
2028 4181 2198 4237 vides.
2229 4181 2522 4235 Sedeoedo.
