3131 5032
1146 459 1286 525 Lm.
1335 460 1398 545 1,
1447 463 1528 543 3,
1579 466 1641 526 8.
2240 469 2367 535 289

1160 687 1434 755 CAPUT
1477 688 1595 755 111.

474 877 516 961 ς
556 876 615 938 8.
697 875 801 935 sed
825 886 908 934 est
943 875 1229 954 quaedam
1262 877 1422 935 inter
1457 897 1563 935 nos
1600 899 1797 957 parva
1843 879 2156 962 dissensio)
2236 881 2350 955 Qui

395 980 539 1041 libri
592 980 856 1057 iungunt
893 997 1087 1057 parva
1138 978 1424 1057 quaedam
1486 979 1813 1056 dissensio,
1870 1002 1994 1041 non
2053 985 2360 1062 attingunt

396 1083 603 1158 Quinti
653 1088 941 1141 mentem.
1038 1079 1188 1139 Nam
1226 1080 1500 1159 quidam,
1537 1081 1867 1141 arctissime
1900 1083 2176 1143 iunctum
2212 1104 2355 1145 cum

393 1185 727 1260 adiectivo,
787 1183 973 1243 huius
1019 1182 1143 1242 vim
1197 1182 1493 1242 intendit:
1536 1182 1615 1244 cf.
1665 1183 1856 1243 Beier.
1891 1185 1969 1244 ad
2001 1184 2165 1246 Offic.
2199 1188 2261 1248 Τ.
2300 1189 2352 1249 Ι.

391 1310 451 1368 p.
512 1287 645 1351 115.
698 1287 759 1347 Τ.
808 1287 890 1347 11.
940 1306 1001 1364 p.
1055 1285 1154 1347 75.
1256 1285 1472 1346 Contra
1523 1287 1780 1361 Quintus
1833 1286 1949 1347 hoc
1991 1288 2178 1366 dicit,
2228 1310 2354 1350 esse

390 1390 714 1473 quamdam
744 1390 1166 1451 dissensionem
1184 1435 1203 1465 ‚
1242 1388 1349 1449 sed
1380 1409 1649 1468 parvam.
1730 1389 2013 1450 Ceterum
2046 1411 2190 1451 cum
2227 1400 2354 1454 toto

390 1494 507 1556 hoc
556 1514 833 1555 sermone
880 1512 1098 1571 operae
1149 1493 1415 1571 pretium
1470 1501 1556 1552 est
1607 1493 1883 1553 conferre
1932 1493 2112 1553 Plinii
2146 1496 2254 1575 Ep.
2291 1496 2350 1558 8.

280 1651 293 1663 ,
389 1598 532 1658 libr.
573 1596 652 1673 V,
693 1597 758 1656 in
797 1597 1011 1656 similis
1047 1596 1140 1656 rei
1182 1595 1560 1655 dubitatione
1601 1605 1958 1658 versantem.

474 1703 675 1781 capiat
707 1697 1035 1779 exordium)
1104 1698 1144 1759 i.
1182 1718 1235 1757 e.
1265 1718 1481 1777 capere
1510 1718 1652 1759 eum
1684 1707 1985 1778 oporteat:
2025 1720 2148 1779 qno
2173 1701 2356 1761 modo

390 1803 648 1865 verbum
680 1804 946 1862 activum
972 1801 1403 1880 explicandum
1431 1821 1555 1860 esse
1581 1821 1788 1879 saepe,
1816 1803 2085 1861 breviter
2109 1806 2356 1882 exponit

391 1908 649 1969 Gronov.
694 1907 769 1967 ad
808 1906 934 1966 Liv.
973 1906 1132 1981 XXI,
1172 1904 1283 1980 36,
1327 1904 1384 1964 4.
1468 1903 1582 1965 Pro
1623 1904 1825 1965 Milon.
1863 1903 1930 1980 2,
1973 1905 2044 1981 3,
2087 1917 2153 1965 ut
2188 1908 2355 1967 vobis

389 2032 527 2072 coco
570 2013 906 2092 praeirent,
963 2009 1112 2088 quid
1167 2010 1537 2069 iudicaretis.
1635 2008 1787 2067 Tum
1839 2028 2095 2087 sequens
2149 2032 2352 2071 censeo

389 2114 651 2175 activum
687 2112 980 2172 Infinitivi
1007 2112 1233 2195 (capere
1261 2109 1593 2193 exordium)
1620 2112 1912 2189 postulat:
1942 2113 2102 2174 conf.
2123 2113 2350 2195 Inttpp.

388 2218 466 2279 ad
506 2218 634 2279 Liv.
676 2217 770 2292 11,
814 2219 884 2292 5,
930 2215 985 2276 1.

465 2342 572 2402 ego
599 2323 761 2379 enim
793 2320 869 2379 ab
904 2319 1134 2378 ultimis
1168 2315 1394 2398 censeo)
1474 2317 1774 2378 Neutrum
1823 2337 2035 2380 eorum
2082 2340 2243 2401 quae
2276 2341 2350 2381 ex

388 2425 538 2484 meis
582 2422 755 2482 libris
792 2421 1129 2483 afferuntur
1159 2421 1402 2500 probari
1434 2428 1657 2497 potest,
1698 2440 1902 2500 neque
1938 2442 2043 2503 ego
2077 2423 2313 2501 quidem
2331 2470 2350 2500 ,

387 2528 675 2609 quoniam
722 2524 1187 2605 explicationem
1229 2524 1724 2602 praecedentium
1754 2524 1861 2584 ills
1898 2526 2195 2603 particula
2227 2546 2350 2586 non

385 2632 684 2706 continet,
726 2648 928 2709 neque
973 2649 1079 2710 ego
1114 2628 1276 2686 enim
1318 2647 1453 2687 vero
1470 2672 1490 2703 ,
1531 2627 1699 2706 quod
1732 2647 1856 2688 non
1894 2636 1981 2687 est
2014 2628 2163 2688 huic
2194 2648 2351 2690 asse-

385 2734 683 2796 verationi
718 2732 907 2792 locus.

462 2838 765 2917 aequalem
810 2856 952 2896 suae
997 2835 1210 2894 aetatis
1249 2832 1611 2914 memoriam)
1691 2833 2127 2915 Plerorumque
2157 2835 2349 2896 libro-

381 2961 523 3000 rum
575 2937 963 2998 deserendam
1013 2937 1227 3017 putavi
1273 2936 1689 2996 auctoritatem
1705 2981 1724 3011 ‚
1785 2936 1896 3014 qui
1944 2940 2158 2997 aetatis
2204 2959 2347 2998 suae

380 3042 612 3104 habent
626 3087 646 3116 ‚
699 3040 863 3121 quod
912 3039 1300 3120 oppositionis
1352 3039 1442 3099 vis
1490 3038 1838 3118 requirebat
1894 3048 1963 3099 ut
2011 3059 2346 3118 pronomen

379 3152 880 3227 praeponeretur:
943 3150 1005 3203 et
1048 3143 1132 3202 sic
1186 3141 1567 3202 Goerenzius.
1647 3143 1990 3201 Memoriam
2042 3154 2242 3203 notam
2290 3155 2347 3205 et

379 3250 681 3330 aequalem
713 3249 797 3308 sic
829 3246 1095 3326 appellat
1127 3245 1293 3305 Brut.
1329 3243 1443 3320 69,
1483 3243 1624 3305 244.
1709 3243 1883 3318 Quod
1912 3264 1989 3304 ex
2025 3266 2151 3306 uno
2183 3247 2341 3307 libro

379 3352 618 3414 enotavi
655 3354 875 3425 aetati,
916 3347 1165 3409 defendi
1196 3367 1322 3409 non
1353 3367 1520 3425 posse
1547 3356 1727 3425 puto,
1765 3366 2033 3427 vereque
2065 3349 2344 3429 regulam

377 3454 647 3516 statuisse
678 3450 1179 3512 Ruddimannum
1212 3447 1294 3508 ll.
1324 3469 1385 3527 p.
1416 3447 1496 3509 92
1527 3457 1652 3510 not.
1671 3448 1779 3525 49,
1815 3451 2111 3529 aequalis,
2148 3470 2343 3530 quum

377 3560 456 3620 de
485 3567 759 3636 tempore
784 3555 1051 3629 dicatur,
1084 3573 1225 3613 cum
1255 3552 1527 3631 genitivo
1554 3551 1749 3630 iungi.
1831 3551 2003 3612 Certe
2031 3573 2155 3613 non
2184 3555 2340 3616 rnul-

379 3671 513 3720 tum
531 3660 735 3719 tribuo
752 3656 1047 3718 eiusmodi
1067 3657 1214 3717 locis
1224 3702 1242 3732 ,
1258 3656 1454 3734 qualis
1468 3663 1557 3715 est
1569 3653 1734 3715 Brut.
1755 3652 1849 3730 18,
1864 3655 1965 3730 73,
1983 3655 2248 3739 (Ennius
2260 3691 2341 3705 —-

378 3766 486 3824 cui
516 3783 698 3842 quum
728 3761 994 3840 aequalis
1004 3761 1208 3840 suerit
1222 3756 1465 3838 Livius)
1489 3778 1630 3818 nam
1663 3758 1928 3837 virgula,
1954 3779 2113 3839 quae
2139 3783 2341 3842 super·

380 3863 567 3925 scribi
599 3862 775 3938 solet,
816 3863 1117 3941 neglecta,
1147 3881 1260 3939 pro
1295 3864 1469 3922 cuius
1499 3861 1782 3939 legerunt
1815 3863 1937 3921 cui.

461 3967 679 4048 quibus
711 3968 833 4047 ipse
866 3963 1169 4045 intersim)
1247 3964 1444 4043 Igitur
1468 3964 1778 4043 antiquior
1806 3971 2017 4023 auctor
2043 3973 2132 4024 est
2155 3964 2339 4030 huius

379 4068 701 4132 locutionis
747 4089 933 4149 quam
987 4066 1250 4128 Velleius
1296 4067 1524 4128 Paterc.
1577 4067 1668 4142 11,
1727 4065 1842 4126 114
1864 4111 1882 4142 ,
1938 4066 2009 4141 3,
2063 4063 2168 4125 ubi
2214 4065 2339 4127 vid.

380 4174 706 4238 Ruhnken.
788 4171 961 4248 Quod
1008 4171 1259 4234 Rathius
1298 4172 1595 4244 coniecit,
1635 4172 2013 4249 interfuerit,
2056 4190 2177 4232 non
2214 4179 2340 4230 tan·

2008 4273 2080 4331 19
