3131 5032
541 2486 660 2616 {242¹

1663 468 1761 542 9¹1

740 685 940 786 quod
981 685 1257 761 Platoni
1289 698 1542 759 nostro
1573 682 1839 784 placet:
1883 687 2017 781 qui
2051 686 2494 758 musicorum
2528 710 2698 762 mn·

739 806 936 879 tibus
980 810 1078 881 ait
1123 810 1451 897 mutatis,
1500 808 1769 877 mutari
1821 806 2187 877 civitatum
2239 818 2505 879 status:
2555 830 2693 908 ego

737 941 980 1000 nutem
1051 925 1401 999 nobilium
1467 929 1611 997 vita
1665 928 2010 1024 victuque
2079 939 2392 1017 mutam,
2451 946 2694 1003 mores

738 1052 1000 1121 mutari
1045 1048 1414 1121 civitatum
1458 1060 1663 1146 puto.
1760 1048 1929 1137 Quo
1981 1048 2455 1145 perniciosius
2488 1046 2582 1120 de
2613 1073 2696 1122 re

737 1166 1028 1266 publica
1059 1178 1434 1237 merentur
1468 1166 1707 1235 vitiosi
1736 1167 2129 1263 principeS‚
2165 1164 2366 1262 quod
2401 1190 2549 1239 non
2576 1193 2695 1241 so·

738 1283 891 1357 lum
941 1288 1110 1357 vitia
1169 1286 1589 1382 concipiunt
1638 1287 1814 1382 ipsi,
1865 1282 1990 1355 sed
2038 1308 2121 1357 ea
2173 1283 2572 1360 infundunt
2614 1291 2691 1360 in

737 1407 1101 1478 civitatem
1120 1455 1142 1494 ,
1192 1426 1432 1498 neque
1476 1401 1714 1474 solum
1742 1402 2011 1475 obsunt
2057 1403 2259 1500 quod
2293 1407 2432 1504 ipsi
2461 1423 2484 1462 ¹
2538 1431 2702 1480 cor-

737 1535 1211 1623 rumpuntur,
1257 1520 1385 1594 sed
1430 1524 1647 1594 etiam
1689 1521 1890 1619 quod
1939 1537 2450 1624 corrumpunt,
2499 1525 2695 1625 plus·-

734 1664 883 1740 que
916 1641 1248 1742 exemplo
1275 1666 1494 1738 quam
1528 1655 1827 1741 peccato
1854 1650 2143 1715 nocent.
2238 1648 2481 1741 Atque
2512 1646 2694 1721 haec

733 1760 848 1834 lex
907 1760 1200 1835 dilatata
1257 1765 1336 1832 in
1404 1760 1731 1834 ordinem
1792 1776 2172 1854 cunctum,
2236 1770 2691 1863 coangustari

731 1885 945 1954 etiam
972 1868 1233 1980 potest.
1302 1885 1520 1954 Pauci
1547 1883 1782 1970 enim,
1813 1894 2034 1977 atque
2059 1881 2454 1957 admodum
2475 1889 2689 1984 pauci

730 1999 1014 2073 honore
1052 2015 1126 2073 et
1164 1999 1391 2099 gloria
1428 1998 1842 2099 amplificati
1877 2000 1991 2073 vel
2030 2025 2501 2105 corrumpere
2536 2030 2690 2080 mo·

729 2138 848 2191 res
883 2122 1214 2210 civitatis,
1248 2120 1364 2193 vel
1401 2123 1762 2217 corrigere
1798 2136 2122 2220 possunt.
2221 2124 2361 2197 Sed
2395 2125 2576 2200 haec
2610 2143 2688 2201 et

727 2240 928 2310 nunc
962 2240 1173 2328 satia,
1218 2252 1292 2311 et
1324 2240 1399 2309 in
1436 2237 1575 2311 illis
1604 2237 1810 2311 libris
1842 2254 2144 2314 tractata
2179 2257 2352 2315 sunt
2388 2244 2687 2343 diligen·

727 2360 891 2430 tius.
990 2360 1234 2449 Quare
1269 2356 1362 2431 ad
1400 2358 1679 2457 reliqua
1716 2363 2106 2433 veniamus.

825 2482 1199 2552 Proximus
1219 2493 1248 2534 ²
1287 2491 1533 2551 autem
1560 2492 1669 2551 ωε
1702 2478 1793 2552 de
1819 2478 2209 2579 suffragiis:
2241 2507 2430 2582 quae
2457 2484 2681 2560 iubeo

724 2615 897 2670 nota
951 2624 1105 2670 esse
1166 2598 1657 2695 optimatibcw‚
1715 2599 1983 2697 populo
2037 2600 2281 2703 libera.
2378 2607 2523 2677 Att.
2570 2610 2680 2680 Ita

725 2717 1137 2792 mehercule
1187 2716 1497 2808 attendi,
1546 2742 1688 2791 nec
1738 2724 1908 2792 satis
1946 2717 2262 2793 intellexi
2310 2722 2489 2819 quid
2535 2724 2679 2798 sibi

722 2836 838 2911 lex
856 2889 877 2928 ,
909 2851 1036 2911 aut
1066 2836 1243 2934 quid
1270 2834 1489 2909 verba
1516 2839 1650 2909 ista
1680 2836 1966 2910 vellent.
2045 2842 2142 2909 M.
2178 2841 2461 2932 Dioem,
2485 2845 2676 2935 Tite,

722 2972 796 3031 et
850 2956 1193 3031 versabor
1237 2960 1316 3027 in
1362 2979 1444 3028 re
1488 2953 1796 3046 difficili,
1847 2981 1931 3030 ac
1983 2957 2293 3030 multum
2340 2974 2415 3033 et
2464 2985 2679 3062 saepe

724 3080 1077 3176 quaesita3
1109 3074 1449 3172 suffragia
1478 3078 1553 3147 in
1583 3090 1610 3131 ⁸
1650 3078 2071 3174 magistratu
2108 3077 2555 3173 mandando,
2581 3107 2677 3156 an

722 3196 816 3269 de
867 3220 997 3269 reo
1019 3206 1048 3248 ⁴
1094 3194 1481 3268 iudicando
1521 3198 1652 3292 qui
1693 3199 1770 3267 in
1811 3195 1967 3293 lege
1992 3203 2021 3247 ⁵
2058 3212 2183 3270 aut
2216 3204 2679 3299 rogatione«,

724 3316 908 3388 clam
938 3337 1030 3387 an
1063 3313 1296 3414 palam
1330 3311 1521 3386 ferre
1554 3313 1817 3388 melius
1837 3330 2044 3390 esset.
2142 3320 2231 3410 Q.
2255 3332 2285 3373 ‘¹
2327 3323 2433 3393 An
2461 3327 2677 3397 etiam

724 3434 801 3508 id
819 3432 1128 3508 dubium
1151 3433 1302 3506 est?
1323 3436 1641 3507 Vereor⁸
1677 3459 1773 3509 ne
1791 3459 1834 3509 a
1861 3447 1936 3509 te
1964 3455 2211 3511 rursus
2236 3439 2675 3515 dissentiam.

720 3560 819 3628 Μ.
870 3558 1035 3628 Non
1089 3552 1332 3645 facies»,
1384 3556 1678 3646 Quinte.
1778 3559 1962 3631 Nam
2016 3581 2154 3659 ego
2204 3562 2281 3631 in
2331 3564 2466 3636 ista
2508 3584 2677 3636 sum

722 3678 1110 3765 sententia,
1169 3694 1317 3772 qua
1361 3690 1433 3748 te
1489 3673 1708 3750 fuisse
1766 3697 2055 3777 semper
2106 3683 2293 3772 scio,
2351 3681 2534 3754 nihil
2592 3685 2679 3755 ut

721 3793 943 3868 fuerit
990 3799 1066 3872 in
1112 3792 1471 3894 suffragiis
1515 3819 1696 3871 voce
1734 3797 2021 3871 melius:
2072 3799 2199 3873 sed
2230 3799 2548 3877 obtineri
2581 3825 2675 3878 an

786 4106 807 4142 ¹
866 4103 971 4172 ipsi
1004 4100 1167 4172 quod.
1251 4102 1276 4141 ¹
1324 4103 1646 4172 proximum.
1731 4106 1756 4144 ⁸
1790 4121 1895 4159 om.
1930 4106 2009 4160 in.
2094 4108 2118 4147 ἱ
2153 4116 2240 4160 aut
2271 4125 2381 4164 reo.
2471 4111 2498 4152 ⁸
2534 4106 2687 4183 [nm]

715 4185 860 4254 lego.
928 4189 955 4225 ⁸
989 4185 1258 4253 mantione
1294 4186 1577 4241 minanda.
1646 4191 1670 4229 2
1707 4186 1816 4242 Διὶ.
1886 4191 1912 4229 ⁸
1946 4187 2015 4257 Q.
2048 4187 2260 4246 Vereor.
