3131 5032
661 691 1092 785 eloquentiae.
1209 689 1339 759 Sed
1401 688 1508 759 hic
1570 691 1712 783 ipse
1780 692 1835 760 si
1896 690 2198 761 Tacitum
2266 705 2600 764 auctorem

661 819 896 907 habet,
963 828 1350 911 argumento
1408 839 1550 887 ease
1605 829 1826 910 potoet
1844 867 1866 906 ,
1932 837 2135 911 quam
2196 820 2251 889 is
2310 819 2604 892 studiose

661 945 1164 1017 consideraverit
1224 943 1389 1038 quid
1444 943 1704 1035 singula
1750 942 2081 1013 scribendi
2121 967 2358 1038 genera
2405 945 2605 1017 dece-

660 1086 759 1143 ret
780 1124 800 1160 ,
867 1095 996 1142 non
1059 1069 1684 1142 communicandum
1738 1094 1893 1140 cum
1955 1070 2107 1141 alio.
2210 1072 2440 1166 Neque
2477 1072 2603 1144 hoc

657 1223 813 1270 sane
870 1199 1211 1293 ignorabat
1265 1198 1513 1268 Cicero.
1629 1196 1807 1284 Quid
1867 1199 2044 1267 enim
2102 1210 2240 1268 tam
2287 1198 2605 1270 dissimile

658 1349 859 1420 quam
903 1324 1145 1418 dialogi
1184 1337 1255 1394 et
1295 1326 1620 1394 orationes
1642 1375 1662 1412 ‚
1712 1337 1830 1394 aut
1875 1324 2044 1420 quid
2084 1338 2222 1396 tam
2265 1326 2600 1397 diversum

654 1476 854 1546 quam
893 1451 981 1522 ab
1020 1452 1316 1544 utrisque
1355 1447 1725 1543 epistolae?
1823 1450 1955 1520 Sed
1986 1450 2107 1523 diu
2136 1453 2329 1523 nimis
2365 1452 2603 1523 haereo

658 1582 725 1648 in
785 1579 911 1649 hoc
963 1579 1146 1672 ipso,
1198 1590 1276 1648 ut
1315 1575 1723 1669 intelligatur
1765 1599 2111 1672 perperam
2148 1578 2334 1668 fieri,
2382 1581 2482 1668 si,
2530 1581 2600 1648 in

651 1708 1107 1778 diversissimis
1145 1702 1477 1776 scribendi
1519 1706 1922 1797 argumentis
1943 1756 1963 1794 ,
2012 1702 2102 1775 ab
2137 1706 2267 1776 alio
2307 1705 2598 1800 postula-

653 1848 767 1906 tur
809 1832 994 1927 quod
1025 1832 1194 1903 alius
1233 1844 1502 1903 secutus
1538 1831 1647 1900 sit.
1747 1831 1958 1924 Igitur
1996 1832 2122 1901 alia
2158 1834 2292 1903 sint
2335 1855 2601 1904 necaese

652 1973 794 2048 est,
844 1981 1018 2053 quae
1057 1958 1399 2029 Tullianae
1440 1957 1709 2029 rationis
1748 1958 2338 2059 reprehensoribus
2370 1947 2598 2056 displi-

651 2098 863 2156 ceant.
983 2086 1091 2157 Me
1149 2087 1373 2181 ipsum
1431 2085 1597 2181 quid
1653 2108 1787 2156 non
1830 2099 1970 2157 tam
2015 2087 2306 2158 offendat
2324 2140 2346 2177 ‚
2395 2112 2597 2182 quam

651 2217 744 2285 ita
803 2213 1103 2284 advertat
1122 2265 1142 2303 ,
1211 2226 1288 2284 ut
1347 2212 1596 2284 nollem
1652 2212 1795 2285 aliis
1858 2214 1946 2284 ad
2001 2214 2400 2285 imitandum
2441 2237 2598 2310 pro-

652 2343 809 2436 poni
834 2394 854 2431 ‚
920 2341 1209 2435 explicui
1281 2341 1349 2409 in
1426 2340 1645 2434 primo
1728 2339 2066 2411 volumine
2144 2340 2595 2412 Scholicorum

652 2468 1292 2565 Hypomnematum:
1363 2466 1505 2538 aliis
1582 2466 1749 2562 quid
1819 2465 2176 2541 molestum
2252 2468 2554 2540 videatur
2575 2522 2594 2557 ‚

649 2594 1080 2664 divinandum
1126 2605 1230 2665 aet
1270 2594 1565 2688 quodam
1615 2594 1818 2665 modo
1837 2647 1857 2682 ,
1906 2598 2218 2690 quoniam
2275 2616 2408 2665 non
2450 2615 2593 2663 me-

652 2722 813 2792 mini
872 2721 959 2791 de
1017 2720 1338 2791 industria
1375 2732 1443 2790 et
1488 2723 1841 2815 perspicue
1882 2745 1922 2792 a
1952 2744 2293 2817 quoquam
2333 2725 2627 2824 exposif

653 2863 799 2920 tum
858 2871 1043 2934 esset,
1092 2846 1213 2919 sed
1271 2845 1638 2918 multorum
1683 2861 1906 2920 tamen
1953 2871 2062 2921 eas
2105 2848 2326 2920 audivi
2362 2869 2592 2934 voces,

650 2990 729 3047 ut
764 3000 995 3048 eorum
1018 3029 1038 3063 ‚
1087 2975 1389 3067 quamvis
1431 2974 1613 3045 aliud
1653 2988 1960 3062 agerent,
2013 2999 2144 3043 non
2190 2975 2400 3045 latere
2445 2997 2599 3066 pos-

646 3115 750 3173 set
797 3103 1142 3174 sententia.
1977 3111 1982 3116 ’

750 3229 1067 3299 Revocari
1108 3242 1345 3299 cuncta
1385 3250 1580 3322 posse
1618 3228 1930 3297 videntur
1968 3226 2054 3296 ad
2099 3226 2238 3298 duo
2284 3227 2556 3298 crimina
2576 3280 2597 3316 ,

650 3379 934 3450 quorum
1002 3354 1289 3426 alterum
1358 3354 1714 3426 artificium
1741 3406 1762 3442 ‚
1827 3352 2112 3425 alterum
2171 3366 2461 3425 mentem
2522 3368 2601 3426 ut

652 3485 740 3555 ita
776 3483 993 3554 dicam
1030 3484 1337 3554 orationis
1381 3484 1668 3574 attingit.
1770 3481 2100 3554 Obiicitur
2144 3485 2321 3553 enim
2358 3483 2598 3554 nimius

653 3623 722 3682 et
763 3610 1103 3705 quaesitus
1138 3623 1407 3681 ornatus
1428 3662 1448 3700 ,
1496 3633 1709 3704 quum
1754 3612 1822 3680 in
1857 3611 2199 3681 sententiis
2237 3632 2598 3702 earumque

655 3737 876 3809 formis
896 3791 916 3829 ‚
983 3750 1127 3808 tum
1188 3739 1256 3807 in
1318 3736 1674 3808 verborum
1736 3749 1806 3807 et
1865 3761 2104 3831 genere
2159 3751 2228 3807 et
2289 3737 2473 3831 copia
2527 3749 2597 3805 et

651 3868 1141 3960 mmpositione.
1243 3862 1461 3935 Nolim
1499 3862 1857 3934 defendere
1889 3862 2017 3936 hoc
2054 3865 2353 3934 omnino:
2405 3885 2559 3932 nam
2578 3915 2598 3949 ‚

653 4016 865 4088 quum
930 3995 1318 4064 Isocrateam
1384 3992 1453 4060 in
1499 3993 1731 4085 primis
1790 3991 2209 4086 disciplinam
2270 4003 2600 4090 sectetur,

653 4120 796 4191 fieri
854 4120 1152 4192 videmus
1216 4132 1287 4189 ut
1334 4139 1836 4212 nonnumquam
1883 4117 2226 4210 indulgeat
2267 4118 2374 4190 isti
2403 4139 2599 4207 argu-
