<?xml version="1.0" encoding="UTF-8"?>
<!DOCTYPE html PUBLIC "-//W3C//DTD XHTML 1.0 Transitional//EN"
    "http://www.w3.org/TR/xhtml1/DTD/xhtml1-transitional.dtd">
<html xmlns="http://www.w3.org/1999/xhtml" xml:lang="en" lang="en">
 <head>
  <title>
</title>
<meta http-equiv="Content-Type" content="text/html;charset=utf-8" />
  <meta name='ocr-system' content='tesseract 3.04.00' />
  <meta name='ocr-capabilities' content='ocr_page ocr_carea ocr_par ocr_line ocrx_word'/>
</head>
<body>
  <div class='ocr_page' id='page_1' title='image "./mtulliiciceroni02bakegoog_0124.png"; bbox 0 0 3131 5032; ppageno 0'>
   <div class='ocr_carea' id='block_1_1' title="bbox 1401 459 1491 535">
    <p class='ocr_par' dir='ltr' id='par_1_1' title="bbox 1401 459 1491 535">
     <span class='ocr_line' id='line_1_1' title="bbox 1401 459 1491 535; baseline -0.022 0"><span class='ocrx_word' id='word_1_1' title='bbox 1401 459 1491 535; x_wconf 82' lang='lat'><strong>57</strong></span> 
     </span>
    </p>
   </div>
   <div class='ocr_carea' id='block_1_2' title="bbox 451 673 2599 4000">
    <p class='ocr_par' dir='ltr' id='par_1_2' title="bbox 451 673 2599 3640">
     <span class='ocr_line' id='line_1_2' title="bbox 465 673 2414 773; baseline 0.001 -26"><span class='ocrx_word' id='word_1_2' title='bbox 465 677 858 773; x_wconf 84' lang='lat' dir='ltr'><strong>mysteriis,</strong></span> <span class='ocrx_word' id='word_1_3' title='bbox 910 673 1175 768; x_wconf 90' lang='lat' dir='ltr'><strong>quibus</strong></span> <span class='ocrx_word' id='word_1_4' title='bbox 1223 696 1311 745; x_wconf 86' lang='lat' dir='ltr'><strong>ex</strong></span> <span class='ocrx_word' id='word_1_5' title='bbox 1344 677 1607 770; x_wconf 81' lang='lat' dir='ltr'>agresti</span> <span class='ocrx_word' id='word_1_6' title='bbox 1644 677 2082 773; x_wconf 83' lang='lat' dir='ltr'><strong>immanique</strong></span> <span class='ocrx_word' id='word_1_7' title='bbox 2119 680 2262 749; x_wconf 84' lang='lat' dir='ltr'><strong>vita</strong></span> <span class='ocrx_word' id='word_1_8' title='bbox 2300 702 2414 749; x_wconf 83' lang='lat' dir='ltr'><strong>ex-</strong></span> 
     </span>
     <span class='ocr_line' id='line_1_3' title="bbox 463 791 2415 893; baseline 0 -25"><span class='ocrx_word' id='word_1_9' title='bbox 463 795 634 868; x_wconf 87' lang='lat' dir='ltr'><strong>culti</strong></span> <span class='ocrx_word' id='word_1_10' title='bbox 661 793 751 866; x_wconf 88' lang='lat' dir='ltr'><strong>ad</strong></span> <span class='ocrx_word' id='word_1_11' title='bbox 779 791 1302 864; x_wconf 83' lang='lat' dir='ltr'><strong>humanitatem</strong></span> <span class='ocrx_word' id='word_1_12' title='bbox 1329 807 1404 864; x_wconf 90' lang='lat' dir='ltr'><strong>et</strong></span> <span class='ocrx_word' id='word_1_13' title='bbox 1428 796 1730 890; x_wconf 89' lang='lat' dir='ltr'><strong>mitigati</strong></span> <span class='ocrx_word' id='word_1_14' title='bbox 1758 819 2036 885; x_wconf 89' lang='lat' dir='ltr'><strong>sumus,</strong></span> <span class='ocrx_word' id='word_1_15' title='bbox 2065 798 2415 893; x_wconf 89' lang='lat' dir='ltr'><strong>initiaque</strong></span> 
     </span>
     <span class='ocr_line' id='line_1_4' title="bbox 463 913 2417 1014; baseline 0.001 -28"><span class='ocrx_word' id='word_1_16' title='bbox 463 930 547 986; x_wconf 85' lang='lat' dir='ltr'><strong>ut</strong></span> <span class='ocrx_word' id='word_1_17' title='bbox 584 913 1068 1014; x_wconf 78' lang='lat' dir='ltr'><strong>appellantur,</strong></span> <span class='ocrx_word' id='word_1_18' title='bbox 1119 915 1216 983; x_wconf 89' lang='lat' dir='ltr'><strong>ita</strong></span> <span class='ocrx_word' id='word_1_19' title='bbox 1254 917 1894 1013; x_wconf 84' lang='lat' dir='ltr'><strong>reveraprincipia</strong></span> <span class='ocrx_word' id='word_1_20' title='bbox 1932 917 2117 986; x_wconf 87' lang='lat' dir='ltr'><strong>vitae</strong></span> <span class='ocrx_word' id='word_1_21' title='bbox 2154 940 2417 1013; x_wconf 90' lang='lat' dir='ltr'><strong>cogno-</strong></span> 
     </span>
     <span class='ocr_line' id='line_1_5' title="bbox 464 1031 2415 1129; baseline 0 -23"><span class='ocrx_word' id='word_1_22' title='bbox 464 1039 731 1123; x_wconf 62' lang='lat' dir='ltr'><strong>vimus»,</strong></span> <span class='ocrx_word' id='word_1_23' title='bbox 780 1056 1021 1129; x_wconf 90' lang='lat' dir='ltr'><strong>neque</strong></span> <span class='ocrx_word' id='word_1_24' title='bbox 1070 1031 1305 1102; x_wconf 88' lang='lat' dir='ltr'><strong>solum</strong></span> <span class='ocrx_word' id='word_1_25' title='bbox 1351 1057 1516 1103; x_wconf 89' lang='lat' dir='ltr'><strong>cum</strong></span> <span class='ocrx_word' id='word_1_26' title='bbox 1569 1032 1832 1105; x_wconf 87' lang='lat' dir='ltr'><strong>laetitia</strong></span> <span class='ocrx_word' id='word_1_27' title='bbox 1881 1033 2165 1106; x_wconf 87' lang='lat' dir='ltr'><strong>vivendi</strong></span> <span class='ocrx_word' id='word_1_28' title='bbox 2203 1038 2415 1106; x_wconf 89' lang='lat' dir='ltr'><strong>ratio-</strong></span> 
     </span>
     <span class='ocr_line' id='line_1_6' title="bbox 466 1150 2418 1252; baseline -0.001 -27"><span class='ocrx_word' id='word_1_29' title='bbox 466 1178 635 1226; x_wconf 90' lang='lat' dir='ltr'><strong>nem</strong></span> <span class='ocrx_word' id='word_1_30' title='bbox 669 1156 1113 1252; x_wconf 86' lang='lat' dir='ltr'><strong>accepimus,</strong></span> <span class='ocrx_word' id='word_1_31' title='bbox 1164 1150 1290 1223; x_wconf 87' lang='lat' dir='ltr'><strong>sed</strong></span> <span class='ocrx_word' id='word_1_32' title='bbox 1322 1155 1538 1224; x_wconf 89' lang='lat' dir='ltr'><strong>etiam</strong></span> <span class='ocrx_word' id='word_1_33' title='bbox 1573 1175 1740 1224; x_wconf 91' lang='lat' dir='ltr'><strong>cum</strong></span> <span class='ocrx_word' id='word_1_34' title='bbox 1769 1153 2229 1252; x_wconf 68' lang='lat' dir='ltr'><strong>spe‘meliore</strong></span> <span class='ocrx_word' id='word_1_35' title='bbox 2267 1177 2418 1223; x_wconf 93' lang='lat' dir='ltr'><strong>mo-</strong></span> 
     </span>
     <span class='ocr_line' id='line_1_7' title="bbox 466 1269 2407 1370; baseline -0.001 -25"><span class='ocrx_word' id='word_1_36' title='bbox 466 1271 717 1346; x_wconf 87' lang='lat' dir='ltr'><strong>riendi.</strong></span> <span class='ocrx_word' id='word_1_37' title='bbox 816 1270 1009 1361; x_wconf 87' lang='lat' dir='ltr'><strong>Quid</strong></span> <span class='ocrx_word' id='word_1_38' title='bbox 1049 1284 1290 1343; x_wconf 89' lang='lat' dir='ltr'><strong>autem</strong></span> <span class='ocrx_word' id='word_1_39' title='bbox 1324 1269 1502 1342; x_wconf 88' lang='lat' dir='ltr'><strong>mihi</strong></span> <span class='ocrx_word' id='word_1_40' title='bbox 1533 1270 1899 1370; x_wconf 85' lang='lat' dir='ltr'><strong>displiceat</strong></span> <span class='ocrx_word' id='word_1_41' title='bbox 1934 1275 2355 1344; x_wconf 87' lang='lat' dir='ltr'><strong>innocentes</strong></span> <span class='ocrx_word' id='word_1_42' title='bbox 2385 1288 2407 1326; x_wconf 84' lang='lat'><strong>¹</strong></span> 
     </span>
     <span class='ocr_line' id='line_1_8' title="bbox 451 1380 2413 1493; baseline -0.001 -29"><span class='ocrx_word' id='word_1_43' title='bbox 451 1380 718 1493; x_wconf 70' lang='lat' dir='ltr'><strong>&#39;poetae</strong></span> <span class='ocrx_word' id='word_1_44' title='bbox 752 1390 1071 1463; x_wconf 90' lang='lat' dir='ltr'><strong>indicant</strong></span> <span class='ocrx_word' id='word_1_45' title='bbox 1103 1394 1388 1462; x_wconf 86' lang='lat' dir='ltr'><strong>comici:</strong></span> <span class='ocrx_word' id='word_1_46' title='bbox 1431 1416 1578 1488; x_wconf 91' lang='lat' dir='ltr'><strong>qua</strong></span> <span class='ocrx_word' id='word_1_47' title='bbox 1608 1390 1888 1463; x_wconf 89' lang='lat' dir='ltr'><strong>licentia</strong></span> <span class='ocrx_word' id='word_1_48' title='bbox 1920 1397 2185 1464; x_wconf 88' lang='lat' dir='ltr'><strong>Romae</strong></span> <span class='ocrx_word' id='word_1_49' title='bbox 2218 1390 2413 1482; x_wconf 89' lang='lat' dir='ltr'><strong>data,</strong></span> 
     </span>
     <span class='ocr_line' id='line_1_9' title="bbox 462 1509 2411 1610; baseline -0.002 -27"><span class='ocrx_word' id='word_1_50' title='bbox 462 1512 811 1610; x_wconf 89' lang='lat' dir='ltr'><strong>quidnam</strong></span> <span class='ocrx_word' id='word_1_51' title='bbox 839 1514 1099 1609; x_wconf 86' lang='lat' dir='ltr'><strong>egisset</strong></span> <span class='ocrx_word' id='word_1_52' title='bbox 1123 1509 1274 1599; x_wconf 85' lang='lat' dir='ltr'><strong>ille,</strong></span> <span class='ocrx_word' id='word_1_53' title='bbox 1304 1514 1434 1607; x_wconf 89' lang='lat' dir='ltr'><strong>qui</strong></span> <span class='ocrx_word' id='word_1_54' title='bbox 1464 1514 1539 1580; x_wconf 91' lang='lat' dir='ltr'><strong>in</strong></span> <span class='ocrx_word' id='word_1_55' title='bbox 1569 1509 1997 1582; x_wconf 86' lang='lat' dir='ltr'><strong>sacrificium</strong></span> <span class='ocrx_word' id='word_1_56' title='bbox 2030 1514 2411 1606; x_wconf 91' lang='lat' dir='ltr'><strong>cogitatam</strong></span> 
     </span>
     <span class='ocr_line' id='line_1_10' title="bbox 466 1629 2412 1729; baseline 0 -28"><span class='ocrx_word' id='word_1_57' title='bbox 466 1630 836 1704; x_wconf 87' lang='lat' dir='ltr'><strong>libidinem</strong></span> <span class='ocrx_word' id='word_1_58' title='bbox 883 1630 1152 1716; x_wconf 90' lang='lat' dir='ltr'><strong>intulit,</strong></span> <span class='ocrx_word' id='word_1_59' title='bbox 1206 1654 1357 1726; x_wconf 90' lang='lat' dir='ltr'><strong>quo</strong></span> <span class='ocrx_word' id='word_1_60' title='bbox 1390 1654 1484 1701; x_wconf 92' lang='lat' dir='ltr'><strong>ne</strong></span> <span class='ocrx_word' id='word_1_61' title='bbox 1523 1629 2081 1729; x_wconf 78' lang='lat' dir='ltr'><strong>imprudentiam</strong></span> <span class='ocrx_word' id='word_1_62' title='bbox 2118 1630 2412 1727; x_wconf 89' lang='lat' dir='ltr'><strong>quidem</strong></span> 
     </span>
     <span class='ocr_line' id='line_1_11' title="bbox 467 1746 2415 1822; baseline -0.001 -1"><span class='ocrx_word' id='word_1_63' title='bbox 467 1751 843 1822; x_wconf 87' lang='lat' dir='ltr'><strong>oculorum</strong></span> <span class='ocrx_word' id='word_1_64' title='bbox 901 1748 1111 1821; x_wconf 90' lang='lat' dir='ltr'><strong>adiici</strong></span> <span class='ocrx_word' id='word_1_65' title='bbox 1165 1746 1269 1821; x_wconf 87' lang='lat' dir='ltr'><strong>fas</strong></span> <span class='ocrx_word' id='word_1_66' title='bbox 1327 1746 1502 1819; x_wconf 84' lang='lat' dir='ltr'><strong>fuit?</strong></span> <span class='ocrx_word' id='word_1_67' title='bbox 1619 1753 1762 1819; x_wconf 90' lang='lat' dir='ltr'><strong>Att.</strong></span> <span class='ocrx_word' id='word_1_68' title='bbox 1826 1754 1934 1820; x_wconf 86' lang='lat' dir='ltr'><strong>Tu</strong></span> <span class='ocrx_word' id='word_1_69' title='bbox 1983 1774 2154 1821; x_wconf 86' lang='lat' dir='ltr'><strong>vero</strong></span> <span class='ocrx_word' id='word_1_70' title='bbox 2207 1753 2415 1821; x_wconf 87' lang='lat' dir='ltr'><strong>istam</strong></span> 
     </span>
     <span class='ocr_line' id='line_1_12' title="bbox 464 1865 2413 1967; baseline -0.003 -25"><span class='ocrx_word' id='word_1_71' title='bbox 464 1876 731 1942; x_wconf 85' lang='lat' dir='ltr'><strong>Romae</strong></span> <span class='ocrx_word' id='word_1_72' title='bbox 761 1869 994 1967; x_wconf 89' lang='lat' dir='ltr'><strong>legem</strong></span> <span class='ocrx_word' id='word_1_73' title='bbox 1028 1881 1312 1965; x_wconf 87' lang='lat' dir='ltr'><strong>rogato,</strong></span> <span class='ocrx_word' id='word_1_74' title='bbox 1363 1865 1575 1940; x_wconf 87' lang='lat' dir='ltr'><strong>nobis</strong></span> <span class='ocrx_word' id='word_1_75' title='bbox 1606 1881 1885 1940; x_wconf 87' lang='lat' dir='ltr'><strong>nostras</strong></span> <span class='ocrx_word' id='word_1_76' title='bbox 1917 1892 2010 1939; x_wconf 91' lang='lat' dir='ltr'><strong>ne</strong></span> <span class='ocrx_word' id='word_1_77' title='bbox 2042 1867 2413 1941; x_wconf 90' lang='lat' dir='ltr'><strong>ademeris.</strong></span> 
     </span>
     <span class='ocr_line' id='line_1_13' title="bbox 465 1984 2599 2085; baseline -0.002 -24"><span class='ocrx_word' id='word_1_78' title='bbox 465 1994 559 2061; x_wconf 87' lang='lat' dir='ltr'><strong>M.</strong></span> <span class='ocrx_word' id='word_1_79' title='bbox 622 1988 730 2062; x_wconf 80' lang='lat' dir='ltr'><strong>Ad</strong></span> <span class='ocrx_word' id='word_1_80' title='bbox 783 2002 1030 2059; x_wconf 91' lang='lat' dir='ltr'><strong>nostra</strong></span> <span class='ocrx_word' id='word_1_81' title='bbox 1091 1990 1310 2083; x_wconf 90' lang='lat' dir='ltr'><strong>igitur</strong></span> <span class='ocrx_word' id='word_1_82' title='bbox 1359 2000 1712 2057; x_wconf 85' lang='lat' dir='ltr'><strong>revertor:</strong></span> <span class='ocrx_word' id='word_1_83' title='bbox 1773 1986 2041 2082; x_wconf 91' lang='lat' dir='ltr'><strong>quibus</strong></span> <span class='ocrx_word' id='word_1_84' title='bbox 2088 1984 2416 2085; x_wconf 87' lang='lat' dir='ltr'><strong>profecto</strong></span> <span class='ocrx_word' id='word_1_85' title='bbox 2485 2002 2599 2057; x_wconf 77' lang='lat' dir='ltr'><strong>xv,</strong></span> 
     </span>
     <span class='ocr_line' id='line_1_14' title="bbox 464 2073 2576 2205; baseline 0 -25"><span class='ocrx_word' id='word_1_86' title='bbox 464 2107 1001 2205; x_wconf 84' lang='lat' dir='ltr'><strong>diligentissime</strong></span> <span class='ocrx_word' id='word_1_87' title='bbox 1054 2106 1520 2180; x_wconf 87' lang='lat' dir='ltr'><strong>sanciendum</strong></span> <span class='ocrx_word' id='word_1_88' title='bbox 1581 2121 1688 2179; x_wconf 87' lang='lat' dir='ltr'><strong>est</strong></span> <span class='ocrx_word' id='word_1_89' title='bbox 1740 2121 1823 2178; x_wconf 90' lang='lat' dir='ltr'><strong>ut</strong></span> <span class='ocrx_word' id='word_1_90' title='bbox 1879 2108 2261 2179; x_wconf 80' lang='lat' dir='ltr'><strong>mulierum</strong></span> <span class='ocrx_word' id='word_1_91' title='bbox 2318 2106 2417 2180; x_wconf 89' lang='lat' dir='ltr'><strong>fa·</strong></span> <span class='ocrx_word' id='word_1_92' title='bbox 2486 2073 2576 2128; x_wconf 74' lang='lat'><strong>⁸⁷⁹</strong></span> 
     </span>
     <span class='ocr_line' id='line_1_15' title="bbox 466 2224 2417 2315; baseline 0 -16"><span class='ocrx_word' id='word_1_93' title='bbox 466 2224 655 2301; x_wconf 88' lang='lat' dir='ltr'><strong>mam</strong></span> <span class='ocrx_word' id='word_1_94' title='bbox 687 2227 1081 2299; x_wconf 89' lang='lat' dir='ltr'><strong>multorum</strong></span> <span class='ocrx_word' id='word_1_95' title='bbox 1108 2227 1337 2298; x_wconf 90' lang='lat' dir='ltr'><strong>oculis</strong></span> <span class='ocrx_word' id='word_1_96' title='bbox 1362 2226 1487 2297; x_wconf 84' lang='lat' dir='ltr'><strong>lux</strong></span> <span class='ocrx_word' id='word_1_97' title='bbox 1514 2226 1699 2299; x_wconf 88' lang='lat' dir='ltr'><strong>clara</strong></span> <span class='ocrx_word' id='word_1_98' title='bbox 1723 2226 2107 2315; x_wconf 89' lang='lat' dir='ltr'><strong>custodiat,</strong></span> <span class='ocrx_word' id='word_1_99' title='bbox 2136 2231 2417 2301; x_wconf 90' lang='lat' dir='ltr'><strong>initien-</strong></span> 
     </span>
     <span class='ocr_line' id='line_1_16' title="bbox 468 2349 2421 2445; baseline 0 -26"><span class='ocrx_word' id='word_1_100' title='bbox 468 2362 732 2445; x_wconf 90' lang='lat' dir='ltr'><strong>turque</strong></span> <span class='ocrx_word' id='word_1_101' title='bbox 784 2371 875 2419; x_wconf 90' lang='lat' dir='ltr'><strong>eo</strong></span> <span class='ocrx_word' id='word_1_102' title='bbox 934 2350 1079 2418; x_wconf 90' lang='lat' dir='ltr'><strong>ritu</strong></span> <span class='ocrx_word' id='word_1_103' title='bbox 1141 2349 1420 2436; x_wconf 84' lang='lat' dir='ltr'><strong>Cereri,</strong></span> <span class='ocrx_word' id='word_1_104' title='bbox 1486 2371 1636 2443; x_wconf 89' lang='lat' dir='ltr'><strong>quo</strong></span> <span class='ocrx_word' id='word_1_105' title='bbox 1705 2351 1974 2419; x_wconf 89' lang='lat' dir='ltr'><strong>Romae</strong></span> <span class='ocrx_word' id='word_1_106' title='bbox 2022 2350 2421 2419; x_wconf 87' lang='lat' dir='ltr'><strong>initiantur.</strong></span> 
     </span>
     <span class='ocr_line' id='line_1_17' title="bbox 468 2468 2420 2564; baseline 0 -25"><span class='ocrx_word' id='word_1_107' title='bbox 468 2470 632 2559; x_wconf 93' lang='lat' dir='ltr'><strong>Quo</strong></span> <span class='ocrx_word' id='word_1_108' title='bbox 674 2471 750 2538; x_wconf 91' lang='lat' dir='ltr'><strong>in</strong></span> <span class='ocrx_word' id='word_1_109' title='bbox 784 2490 1047 2564; x_wconf 86' lang='lat' dir='ltr'><strong>genere</strong></span> <span class='ocrx_word' id='word_1_110' title='bbox 1094 2468 1544 2538; x_wconf 86' lang='lat' dir='ltr'><strong>severitatem</strong></span> <span class='ocrx_word' id='word_1_111' title='bbox 1586 2469 1943 2539; x_wconf 86' lang='lat' dir='ltr'><strong>maiorum</strong></span> <span class='ocrx_word' id='word_1_112' title='bbox 1979 2481 2268 2540; x_wconf 87' lang='lat' dir='ltr'><strong>senatus</strong></span> <span class='ocrx_word' id='word_1_113' title='bbox 2303 2490 2420 2539; x_wconf 88' lang='lat' dir='ltr'><strong>ve-</strong></span> 
     </span>
     <span class='ocr_line' id='line_1_18' title="bbox 469 2585 2423 2660; baseline -0.001 -2"><span class='ocrx_word' id='word_1_114' title='bbox 469 2602 584 2660; x_wconf 87' lang='lat' dir='ltr'><strong>tus</strong></span> <span class='ocrx_word' id='word_1_115' title='bbox 613 2589 1002 2660; x_wconf 83' lang='lat' dir='ltr'><strong>auctoritas</strong></span> <span class='ocrx_word' id='word_1_116' title='bbox 1027 2585 1118 2658; x_wconf 92' lang='lat' dir='ltr'><strong>de</strong></span> <span class='ocrx_word' id='word_1_117' title='bbox 1145 2585 1699 2658; x_wconf 84' lang='lat' dir='ltr'><strong>Bacchanalibus</strong></span> <span class='ocrx_word' id='word_1_118' title='bbox 1727 2600 1799 2658; x_wconf 91' lang='lat' dir='ltr'><strong>et</strong></span> <span class='ocrx_word' id='word_1_119' title='bbox 1831 2587 2208 2658; x_wconf 89' lang='lat' dir='ltr'><strong>consulum</strong></span> <span class='ocrx_word' id='word_1_120' title='bbox 2237 2611 2423 2659; x_wconf 85' lang='lat' dir='ltr'><strong>exer·</strong></span> 
     </span>
     <span class='ocr_line' id='line_1_19' title="bbox 474 2704 2421 2802; baseline -0.003 -23"><span class='ocrx_word' id='word_1_121' title='bbox 474 2712 620 2779; x_wconf 90' lang='lat' dir='ltr'><strong>citu</strong></span> <span class='ocrx_word' id='word_1_122' title='bbox 657 2706 986 2779; x_wconf 88' lang='lat' dir='ltr'><strong>adhibito</strong></span> <span class='ocrx_word' id='word_1_123' title='bbox 1016 2708 1346 2802; x_wconf 86' lang='lat' dir='ltr'><strong>quaestio</strong></span> <span class='ocrx_word' id='word_1_124' title='bbox 1385 2704 2051 2801; x_wconf 84' lang='lat' dir='ltr'><strong>animadversioque</strong></span> <span class='ocrx_word' id='word_1_125' title='bbox 2089 2704 2421 2777; x_wconf 86' lang='lat' dir='ltr'><strong>declarat.</strong></span> 
     </span>
     <span class='ocr_line' id='line_1_20' title="bbox 476 2821 2426 2923; baseline -0.003 -25"><span class='ocrx_word' id='word_1_126' title='bbox 476 2832 712 2923; x_wconf 84' lang='lat' dir='ltr'><strong>Atque</strong></span> <span class='ocrx_word' id='word_1_127' title='bbox 746 2829 990 2897; x_wconf 92' lang='lat' dir='ltr'><strong>omnia</strong></span> <span class='ocrx_word' id='word_1_128' title='bbox 1027 2837 1417 2911; x_wconf 89' lang='lat' dir='ltr'><strong>nocturna,</strong></span> <span class='ocrx_word' id='word_1_129' title='bbox 1457 2847 1548 2894; x_wconf 93' lang='lat' dir='ltr'><strong>ne</strong></span> <span class='ocrx_word' id='word_1_130' title='bbox 1581 2848 1715 2894; x_wconf 88' lang='lat' dir='ltr'><strong>nos</strong></span> <span class='ocrx_word' id='word_1_131' title='bbox 1738 2823 2068 2894; x_wconf 87' lang='lat' dir='ltr'><strong>duriores</strong></span> <span class='ocrx_word' id='word_1_132' title='bbox 2100 2821 2288 2895; x_wconf 87' lang='lat' dir='ltr'><strong>forte</strong></span> <span class='ocrx_word' id='word_1_133' title='bbox 2326 2826 2426 2893; x_wconf 87' lang='lat' dir='ltr'><strong>vi-</strong></span> 
     </span>
     <span class='ocr_line' id='line_1_21' title="bbox 473 2940 2427 3039; baseline -0.002 -24"><span class='ocrx_word' id='word_1_134' title='bbox 473 2944 806 3034; x_wconf 84' lang='lat' dir='ltr'><strong>deamur,</strong></span> <span class='ocrx_word' id='word_1_135' title='bbox 853 2948 927 3015; x_wconf 93' lang='lat' dir='ltr'><strong>in</strong></span> <span class='ocrx_word' id='word_1_136' title='bbox 973 2940 1206 3013; x_wconf 90' lang='lat' dir='ltr'><strong>media</strong></span> <span class='ocrx_word' id='word_1_137' title='bbox 1254 2945 1551 3013; x_wconf 88' lang='lat' dir='ltr'><strong>Graecia</strong></span> <span class='ocrx_word' id='word_1_138' title='bbox 1592 2940 1995 3039; x_wconf 88' lang='lat' dir='ltr'><strong>Diagondas</strong></span> <span class='ocrx_word' id='word_1_139' title='bbox 2043 2940 2427 3014; x_wconf 89' lang='lat' dir='ltr'><strong>Thebanus</strong></span> 
     </span>
     <span class='ocr_line' id='line_1_22' title="bbox 479 3055 2430 3163; baseline -0.003 -27"><span class='ocrx_word' id='word_1_140' title='bbox 479 3063 634 3163; x_wconf 90' lang='lat' dir='ltr'><strong>lege</strong></span> <span class='ocrx_word' id='word_1_141' title='bbox 665 3076 1007 3163; x_wconf 86' lang='lat' dir='ltr'><strong>perpetua</strong></span> <span class='ocrx_word' id='word_1_142' title='bbox 1044 3059 1350 3133; x_wconf 85' lang='lat' dir='ltr'><strong>sustulit.</strong></span> <span class='ocrx_word' id='word_1_143' title='bbox 1403 3064 1648 3132; x_wconf 84' lang='lat' dir='ltr'><strong>Novos</strong></span> <span class='ocrx_word' id='word_1_144' title='bbox 1669 3084 1843 3132; x_wconf 88' lang='lat' dir='ltr'><strong>vero</strong></span> <span class='ocrx_word' id='word_1_145' title='bbox 1866 3059 2069 3150; x_wconf 83' lang='lat' dir='ltr'><strong>deos,</strong></span> <span class='ocrx_word' id='word_1_146' title='bbox 2112 3055 2183 3131; x_wconf 92' lang='lat' dir='ltr'><strong>et</strong></span> <span class='ocrx_word' id='word_1_147' title='bbox 2210 3064 2282 3129; x_wconf 89' lang='lat' dir='ltr'><strong>in</strong></span> <span class='ocrx_word' id='word_1_148' title='bbox 2318 3058 2430 3131; x_wconf 88' lang='lat' dir='ltr'><strong>his</strong></span> 
     </span>
     <span class='ocr_line' id='line_1_23' title="bbox 475 3179 2429 3280; baseline -0.003 -24"><span class='ocrx_word' id='word_1_149' title='bbox 475 3183 796 3257; x_wconf 85' lang='lat' dir='ltr'><strong>colendis</strong></span> <span class='ocrx_word' id='word_1_150' title='bbox 835 3196 1225 3254; x_wconf 87' lang='lat' dir='ltr'><strong>nocturnas</strong></span> <span class='ocrx_word' id='word_1_151' title='bbox 1267 3179 1844 3280; x_wconf 87' lang='lat' dir='ltr'><strong>pervigilationes</strong></span> <span class='ocrx_word' id='word_1_152' title='bbox 1879 3184 1983 3251; x_wconf 86' lang='lat' dir='ltr'><strong>sic</strong></span> <span class='ocrx_word' id='word_1_153' title='bbox 2017 3179 2429 3278; x_wconf 86' lang='lat' dir='ltr'><strong>Aristopha-</strong></span> 
     </span>
     <span class='ocr_line' id='line_1_24' title="bbox 476 3298 2425 3399; baseline -0.003 -24"><span class='ocrx_word' id='word_1_154' title='bbox 476 3329 614 3375; x_wconf 88' lang='lat' dir='ltr'><strong>nus</strong></span> <span class='ocrx_word' id='word_1_155' title='bbox 663 3302 1137 3376; x_wconf 87' lang='lat' dir='ltr'><strong>facetissimus</strong></span> <span class='ocrx_word' id='word_1_156' title='bbox 1181 3314 1396 3399; x_wconf 88' lang='lat' dir='ltr'><strong>poeta</strong></span> <span class='ocrx_word' id='word_1_157' title='bbox 1434 3304 1696 3372; x_wconf 86' lang='lat' dir='ltr'><strong>veteris</strong></span> <span class='ocrx_word' id='word_1_158' title='bbox 1745 3298 2156 3372; x_wconf 87' lang='lat' dir='ltr'><strong>comoediae</strong></span> <span class='ocrx_word' id='word_1_159' title='bbox 2194 3314 2425 3390; x_wconf 85' lang='lat' dir='ltr'><strong>vexat,</strong></span> 
     </span>
     <span class='ocr_line' id='line_1_25' title="bbox 477 3418 2432 3523; baseline -0.002 -28"><span class='ocrx_word' id='word_1_160' title='bbox 477 3438 558 3494; x_wconf 91' lang='lat' dir='ltr'><strong>ut</strong></span> <span class='ocrx_word' id='word_1_161' title='bbox 599 3420 791 3523; x_wconf 88' lang='lat' dir='ltr'><strong>apud</strong></span> <span class='ocrx_word' id='word_1_162' title='bbox 841 3444 1007 3493; x_wconf 89' lang='lat' dir='ltr'><strong>eum</strong></span> <span class='ocrx_word' id='word_1_163' title='bbox 1055 3418 1416 3509; x_wconf 72' lang='lat' dir='ltr'><strong>Sabazius»,</strong></span> <span class='ocrx_word' id='word_1_164' title='bbox 1469 3433 1543 3490; x_wconf 89' lang='lat' dir='ltr'><strong>et</strong></span> <span class='ocrx_word' id='word_1_165' title='bbox 1588 3419 1885 3515; x_wconf 88' lang='lat' dir='ltr'><strong>quidam</strong></span> <span class='ocrx_word' id='word_1_166' title='bbox 1925 3418 2042 3491; x_wconf 88' lang='lat' dir='ltr'><strong>alii</strong></span> <span class='ocrx_word' id='word_1_167' title='bbox 2091 3419 2191 3490; x_wconf 90' lang='lat' dir='ltr'><strong>dii</strong></span> <span class='ocrx_word' id='word_1_168' title='bbox 2231 3444 2432 3517; x_wconf 88' lang='lat' dir='ltr'><strong>pere-</strong></span> 
     </span>
     <span class='ocr_line' id='line_1_26' title="bbox 478 3538 1817 3640; baseline -0.002 -29"><span class='ocrx_word' id='word_1_169' title='bbox 478 3545 666 3640; x_wconf 79' lang='lat' dir='ltr'><strong>grini</strong></span> <span class='ocrx_word' id='word_1_170' title='bbox 697 3538 989 3611; x_wconf 89' lang='lat' dir='ltr'><strong>iudicati</strong></span> <span class='ocrx_word' id='word_1_171' title='bbox 1021 3562 1060 3609; x_wconf 90' lang='lat' dir='ltr'><strong>e</strong></span> <span class='ocrx_word' id='word_1_172' title='bbox 1100 3541 1384 3609; x_wconf 82' lang='lat' dir='ltr'><strong>civitate</strong></span> <span class='ocrx_word' id='word_1_173' title='bbox 1421 3540 1817 3608; x_wconf 86' lang='lat' dir='ltr'><strong>eiiciantur.</strong></span> 
     </span>
    </p>

    <p class='ocr_par' dir='ltr' id='par_1_3' title="bbox 486 3654 2437 4000">
     <span class='ocr_line' id='line_1_27' title="bbox 575 3654 2435 3755; baseline -0.001 -23"><span class='ocrx_word' id='word_1_174' title='bbox 575 3658 913 3732; x_wconf 90' lang='lat' dir='ltr'><strong>Publicus</strong></span> <span class='ocrx_word' id='word_1_175' title='bbox 935 3671 1177 3729; x_wconf 87' lang='lat' dir='ltr'><strong>autem</strong></span> <span class='ocrx_word' id='word_1_176' title='bbox 1198 3654 1528 3729; x_wconf 88' lang='lat' dir='ltr'><strong>sacerdos</strong></span> <span class='ocrx_word' id='word_1_177' title='bbox 1553 3655 2108 3755; x_wconf 86' lang='lat' dir='ltr'><strong>imprudentiam</strong></span> <span class='ocrx_word' id='word_1_178' title='bbox 2136 3659 2435 3730; x_wconf 89' lang='lat' dir='ltr'><strong>consilio</strong></span> 
     </span>
     <span class='ocr_line' id='line_1_28' title="bbox 490 3773 2433 3880; baseline -0.002 -28"><span class='ocrx_word' id='word_1_179' title='bbox 490 3784 838 3880; x_wconf 88' lang='lat' dir='ltr'><strong>expiatam</strong></span> <span class='ocrx_word' id='word_1_180' title='bbox 864 3792 1061 3850; x_wconf 90' lang='lat' dir='ltr'><strong>metu</strong></span> <span class='ocrx_word' id='word_1_181' title='bbox 1087 3775 1373 3866; x_wconf 84' lang='lat' dir='ltr'><strong>liberet,</strong></span> <span class='ocrx_word' id='word_1_182' title='bbox 1396 3773 1766 3848; x_wconf 86' lang='lat' dir='ltr'><strong>audaciam</strong></span> <span class='ocrx_word' id='word_1_183' title='bbox 1789 3780 1860 3846; x_wconf 91' lang='lat' dir='ltr'><strong>in</strong></span> <span class='ocrx_word' id='word_1_184' title='bbox 1882 3790 1952 3848; x_wconf 89' lang='lat' dir='ltr'><strong>et</strong></span> <span class='ocrx_word' id='word_1_185' title='bbox 1973 3780 2045 3846; x_wconf 92' lang='lat' dir='ltr'><strong>in</strong></span> <span class='ocrx_word' id='word_1_186' title='bbox 2055 3777 2387 3849; x_wconf 87' lang='lat' dir='ltr'><strong>mitendis</strong></span> <span class='ocrx_word' id='word_1_187' title='bbox 2406 3789 2433 3826; x_wconf 84' lang='lat'>²</span> 
     </span>
     <span class='ocr_line' id='line_1_29' title="bbox 486 3894 2437 4000; baseline -0.003 -28"><span class='ocrx_word' id='word_1_188' title='bbox 486 3897 947 4000; x_wconf 90' lang='lat' dir='ltr'><strong>religionibus</strong></span> <span class='ocrx_word' id='word_1_189' title='bbox 981 3896 1211 3969; x_wconf 88' lang='lat' dir='ltr'><strong>foedis</strong></span> <span class='ocrx_word' id='word_1_190' title='bbox 1241 3894 1535 3968; x_wconf 88' lang='lat' dir='ltr'><strong>damnet</strong></span> <span class='ocrx_word' id='word_1_191' title='bbox 1567 3909 1785 3991; x_wconf 88' lang='lat' dir='ltr'><strong>atque</strong></span> <span class='ocrx_word' id='word_1_192' title='bbox 1821 3900 2111 3996; x_wconf 90' lang='lat' dir='ltr'><strong>impiam</strong></span> <span class='ocrx_word' id='word_1_193' title='bbox 2148 3897 2437 3969; x_wconf 88' lang='lat' dir='ltr'><strong>iudicet.</strong></span> 
     </span>
    </p>
   </div>
   <div class='ocr_carea' id='block_1_3' title="bbox 546 4162 1855 4241">
    <p class='ocr_par' dir='ltr' id='par_1_4' title="bbox 546 4162 1855 4241">
     <span class='ocr_line' id='line_1_30' title="bbox 546 4162 1855 4241; baseline -0.005 -20"><span class='ocrx_word' id='word_1_194' title='bbox 546 4172 564 4209; x_wconf 86' lang='lat'><strong>¹</strong></span> <span class='ocrx_word' id='word_1_195' title='bbox 599 4168 873 4241; x_wconf 67' lang='lat' dir='ltr'><strong>displiceat</strong></span> <span class='ocrx_word' id='word_1_196' title='bbox 907 4169 966 4219; x_wconf 84' lang='lat' dir='ltr'><strong>in</strong></span> <span class='ocrx_word' id='word_1_197' title='bbox 1000 4165 1280 4219; x_wconf 64' lang='lat' dir='ltr'><strong>nocturnis.</strong></span> <span class='ocrx_word' id='word_1_198' title='bbox 1352 4165 1376 4204; x_wconf 79' lang='lat'>⁸</span> <span class='ocrx_word' id='word_1_199' title='bbox 1413 4165 1470 4215; x_wconf 87' lang='lat' dir='ltr'><strong>in</strong></span> <span class='ocrx_word' id='word_1_200' title='bbox 1504 4162 1855 4216; x_wconf 64' lang='lat' dir='ltr'><strong>admittendis.</strong></span> 
     </span>
    </p>
   </div>
  </div>
 </body>
</html>
