3131 5032
769 448 902 517 274
1499 444 1641 510 Lm.
1689 445 1758 529 1,
1817 448 1885 528 l,
1938 451 1998 511 4.

849 668 906 716 et
952 674 1225 713 verumne
1276 654 1359 712 sit
1409 651 1666 713 Athenis
1715 651 1822 731 —)
1921 651 2233 712 Edidimus
2296 674 2572 714 verumne
2619 657 2733 732 sit,

770 758 936 840 quod
984 754 1250 835 exceptis
1292 754 1636 814 deterrimis
1688 755 1834 814 libri
1888 775 2095 815 omnes
2153 765 2411 818 servant.
2481 756 2736 820 Athenis

766 868 1007 939 praeter
1053 858 1198 919 alios
1247 857 1431 917 habet
1470 857 1511 917 C
1554 878 1802 937 quoque
1817 904 1836 934 ,
1878 858 1982 918 sed
2015 858 2182 917 idem
2215 859 2282 917 in
2318 880 2508 939 marg.
2546 882 2628 921 au
2654 864 2731 923 is.

771 962 939 1021 Nihil
984 968 1114 1020 erat
1164 959 1331 1040 quod
1383 959 1499 1018 viri
1550 959 1715 1019 docti
1751 978 1787 1018 e
1822 959 2011 1036 glossa
2064 960 2366 1020 intrusum
2401 980 2527 1021 aese
2561 972 2733 1040 puta·

769 1074 905 1126 rent
955 1086 1229 1125 verumne
1278 1065 1378 1124 sit.
1461 1062 1625 1122 Unus
1660 1062 1815 1121 liber
1850 1061 1929 1122 de
1962 1063 2114 1122 meis
2144 1062 2330 1123 habet
2361 1075 2429 1122 ut
2460 1086 2736 1126 verumne

769 1171 870 1228 sit.
950 1167 1192 1227 Scilicet
1238 1166 1537 1246 particula
1581 1165 2024 1243 transponenda
2075 1173 2203 1226 erat
2219 1211 2238 1241 ,
2280 1167 2735 1248 legendumque

768 1284 824 1333 et
847 1291 1120 1331 verumne
1142 1272 1226 1329 sit
1248 1281 1316 1330 ut
1346 1270 1633 1331 Athenis:
1672 1288 1857 1347 quam
1883 1275 2245 1329 structuram
2273 1268 2473 1331 firmat
2498 1271 2735 1350 Zumpt.

768 1375 1031 1434 Gramm.
1052 1374 1176 1433 Lat.
1198 1372 1242 1454 5
1260 1372 1398 1434 623.
1481 1373 1533 1432 N
1536 1392 1615 1431 on
1641 1371 1936 1431 credibile
1963 1381 2052 1431 est
2071 1372 2423 1433 Ciceronem
2449 1395 2544 1435 res
2568 1383 2734 1437 tanto

765 1485 1110 1556 temporum
1141 1477 1537 1554 locorumque
1563 1475 1885 1536 intervallo
1913 1475 2197 1536 distantes
2228 1496 2352 1538 una
2380 1479 2731 1541 continuata

764 1582 1114 1661 quaestione
1145 1598 1482 1659 proponere
1518 1578 1796 1639 voluisse.

847 1706 886 1744 a
939 1696 1045 1744 tua
1095 1684 1207 1743 illa
1251 1684 1501 1761 antiqua
1551 1678 1746 1760 domo)
1824 1681 1989 1755 Quae
2015 1680 2268 1742 Athenis
2296 1684 2580 1763 antiquae
2614 1683 2730 1746 do-

763 1806 898 1847 mus
940 1795 1146 1861 erant,
1187 1805 1294 1846 eae
1335 1782 1663 1844 admodum
1713 1784 1976 1844 humiles
2017 1784 2292 1866 vilesque
2337 1786 2617 1866 fuerunt3
2659 1788 2730 1848 id

761 1890 929 1969 quod
980 1890 1059 1949 de
1114 1888 1410 1948 industria
1469 1887 1894 1948 Demosthenes
1953 1897 2249 1949 memorat
2263 1934 2282 1966 ,
2340 1891 2515 1951 cuius
2566 1892 2732 1953 locos

760 1991 1055 2052 indicabit
1085 1990 1348 2051 Boeckh.
1383 1992 1601 2051 Oecon.
1637 1990 1763 2053 civ.
1798 1990 2018 2050 Athen.
2053 1989 2104 2051 1.
2139 2012 2199 2071 p.
2235 1992 2336 2054 70.
2419 1992 2726 2071 Atticum,

761 2096 872 2174 qui
925 2095 1154 2173 ubique
1205 2103 1327 2154 tam
1370 2095 1536 2154 laute
1572 2092 1908 2155 aedificatas
1940 2093 2116 2155 aedes
2145 2095 2447 2157 incolebat
2464 2143 2483 2172 ,
2524 2097 2729 2157 credi-

760 2198 886 2258 hile
921 2219 1046 2258 non
1080 2204 1196 2274 est,
1238 2218 1432 2278 quum
1469 2196 1580 2258 diu
1615 2197 1867 2257 Athenis
1890 2196 2200 2273 haereret,
2241 2199 2353 2259 ista
2379 2199 2727 2261 humilitate

758 2301 940 2361 fuisse
976 2309 1357 2361 contentum:
1399 2320 1590 2380 quare
1623 2302 1875 2380 antiqua
1909 2301 2270 2362 mutandum
2298 2302 2455 2363 mihi
2480 2303 2722 2364 videtur

757 2403 825 2463 in
872 2406 1098 2466 Attica.
1182 2403 1462 2463 Ceterum
1506 2404 1677 2465 illam
1724 2404 1909 2464 Attici
1949 2404 2199 2465 domum
2231 2406 2414 2466 fuisse
2444 2408 2510 2466 in
2542 2407 2723 2469 Cera-

759 2507 919 2567 mico
938 2554 955 2583 ,
997 2514 1161 2567 recte
1180 2506 1432 2587 quidem
1453 2507 1701 2568 coniicit
1722 2508 2006 2569 Goerenz.
2038 2530 2113 2569 ex
2142 2507 2402 2571 Platonis
2417 2509 2725 2590 Phaedro,

758 2611 865 2672 sed
897 2612 1184 2689 colligere
1218 2630 1462 2690 quoque
1493 2611 1639 2671 licet
1669 2632 1745 2671 ex
1780 2612 1929 2691 Epp.
1966 2612 2045 2672 ad
2075 2613 2197 2674 Att.
2233 2612 2263 2672 1
2285 2659 2303 2688 ,
2344 2612 2438 2674 10.
2474 2613 2610 2675 init.

837 2712 881 2794 §
912 2713 970 2773 4.
1030 2725 1136 2773 aut
1154 2734 1261 2773 cur
1274 2715 1394 2772 ista
1411 2711 1673 2794 quaeris)
1722 2714 2191 2794 Repudiandum
2212 2715 2330 2775 fuit
2347 2718 2436 2777 ita
2454 2720 2723 2796 quaeris.-

758 2836 884 2877 non
933 2815 1099 2896 quod
1144 2819 1234 2876 ita
1287 2817 1518 2893 dicere,
1577 2819 1667 2877 ita
1720 2839 1991 2897 quaerere
2041 2839 2163 2879 non
2202 2838 2315 2897 pro
2358 2820 2466 2882 hoc
2495 2823 2722 2899 dicere,

756 2931 871 2983 cet.
908 2922 1099 3000 accipi
1132 2921 1357 3000 possint
1367 2946 1384 2998 3
1428 2921 1533 2981 sed
1565 2921 1733 3000 quod
1749 2967 1767 2997 ‚
1810 2922 1919 2982 uhi
1965 2922 2235 2983 fabulosa
2268 2923 2377 2983 illa
2412 2924 2724 2985 obiecisset

759 3025 966 3086 Cicero
982 3072 1001 3101 ,
1043 3024 1276 3085 Atticus
1311 3025 1630 3085 valentiori
1663 3026 2021 3103 pronomine
2051 3027 2161 3087 ista
2190 3026 2461 3088 indicare
2488 3027 2719 3089 debuit.

838 3131 909 3187 in
960 3150 1031 3189 ea
1077 3125 1377 3207 inquiras)
1474 3128 1693 3187 Nullus
1760 3148 2037 3188 meorum
2089 3129 2387 3190 librorum
2435 3132 2723 3211 anquirat

757 3231 957 3292 hahet.
1026 3231 1143 3292 Sed
1173 3230 1409 3290 dudum
1426 3230 1696 3290 Davisius
1713 3276 1731 3307 ‚
1766 3238 1829 3290 et
1863 3239 1995 3310 post
2030 3252 2172 3292 eum
2191 3232 2436 3293 Beierus
2459 3234 2536 3293 ad
2554 3233 2718 3295 Offie.

757 3332 818 3407 1,
852 3332 949 3393 30.
987 3352 1046 3411 p.
1087 3332 1207 3393 229
1223 3379 1242 3408 ,
1280 3332 1608 3392 discrimen
1638 3340 2073 3412 exposuerunt:
2112 3333 2272 3393 cons.
2304 3334 2605 3394 Etakenh.
2641 3335 2721 3396 ad

760 3436 887 3495 Liv.
918 3434 1026 3511 VI,
1059 3436 1167 3511 20,
1204 3435 1308 3495 12:
1337 3437 1544 3515 itaque
1576 3445 1739 3496 recte
1768 3455 2017 3516 quoque
2043 3437 2245 3497 Tacito
2266 3436 2617 3498 Annal.XII
2630 3482 2650 3513 ,
2678 3437 2723 3498 6
2836 3437 2842 3442 ’

762 3541 1106 3599 restitutum
1156 3540 1606 3619 anquirendum.
1697 3540 1749 3599 N
1750 3558 1830 3599 on
1886 3547 2092 3600 tamen
2140 3540 2351 3600 Beiero
2399 3539 2684 3600 assentior
2699 3585 2719 3616 ,

759 3641 891 3705 Nat.
923 3642 992 3703 1).
1027 3641 1086 3720 1,
1132 3643 1236 3718 12,
1279 3643 1360 3704 30
1392 3644 1630 3723 inquiri
1652 3643 2136 3704 substituendum
2170 3662 2294 3702 ense
2319 3643 2718 3721 optimorum,

757 3754 829 3807 ut
880 3746 1156 3824 videtur,
1197 3748 1492 3807 librorum
1537 3747 1785 3807 lectioni
1814 3747 2086 3826 anquiri.-
2126 3745 2427 3824 siquidem
2458 3744 2723 3807 Platonis

759 3851 951 3924 ζητεῖν
991 3855 1158 3909 recte
1209 3848 1586 3909 consultandi
1604 3893 1623 3924 ‚
1672 3857 1735 3908 et
1782 3846 2198 3922 deliberandi,
2251 3854 2313 3906 et
2359 3866 2396 3906 e
2439 3847 2720 3926 pluribus

759 3953 1025 4033 eligendi
1059 3960 1348 4032 potestate
1382 3952 1616 4013 dictum
1649 3952 1945 4029 accepisse
1979 3950 2223 4010 videtur
2258 3949 2486 4010 Cicero.

840 4059 1150 4117 memoriae
1200 4068 1341 4116 suut
1375 4053 1645 4136 prodita)
1738 4054 1983 4115 Deserui
2033 4061 2335 4133 receptam
2385 4052 2713 4114 lectionem

755 4161 909 4232 sim,
969 4160 1255 4238 quoniam
1316 4159 1743 4220 Coniunctivus
1803 4159 1870 4218 in
1922 4159 2037 4218 hac
2104 4155 2535 4238 compositione
2592 4158 2713 4216 hoc
