3131 5032
1546 475 1645 548 70

609 694 835 780 rium,
897 712 1079 785 quas
1131 693 1273 764 iam
1317 711 1535 761 nemo
1583 688 1814 761 discit.
1888 691 2315 761 Extenuato
2354 689 2576 785 igitur

609 824 858 882 sumtu
889 807 1125 882 tribus
1165 810 1460 899 riciniia,
1498 821 1572 880 et
1607 806 1860 881 vinclis
1902 831 2304 907 purpurae,
2338 821 2417 881 et
2452 807 2576 883 de·

607 946 765 1000 cem
801 926 1256 1018 tibicinibus,
1293 927 1481 1000 tollit
1514 930 1733 1000 etiam
1765 926 2387 1000 lamentationem:
2426 952 2578 1001 mu·

606 1046 813 1119 lieres
839 1071 1066 1145 genas·
1099 1070 1190 1118 ne
1228 1045 1526 1118 mdunto
1537 1099 1560 1134 ,
1603 1068 1772 1118 neve
1808 1045 2068 1118 lessam
2084 1045 2380 1141 funereis·
2414 1072 2578 1148 ergo

607 1165 933 1238 habento.
1042 1170 1196 1237 Hoc
1251 1178 1528 1238 veteres
1584 1158 2053 1265 interpreteS,
2097 1168 2254 1238 Sex.
2305 1165 2576 1257 Aelius,

606 1290 685 1357 L.
736 1284 1035 1374 Acilius,
1081 1308 1233 1355 non
1273 1287 1447 1357 satis
1491 1308 1570 1356 se
1606 1280 2006 1380 intelligere
2037 1281 2410 1374 dixerunt,
2451 1284 2578 1358 sed

601 1406 957 1503 suspicari
1005 1405 1415 1476 vestimenti
1463 1402 1761 1501 aliquod
1811 1422 2040 1502 genus
2088 1399 2445 1477 funebris:
2495 1408 2574 1476 L.

609 1521 887 1612 Aelius,
943 1520 1211 1593 lessum
1270 1523 1477 1618 quasi
1523 1518 1911 1619 lugubrem
1959 1520 2452 1612 eiulationem,
2490 1537 2577 1595 ut

607 1662 747 1715 vox
783 1645 940 1740 ipsa
973 1637 1364 1738 significat:
1407 1638 1609 1737 quod
1646 1664 1738 1713 eo
1776 1643 2003 1739 magis
2037 1640 2284 1713 iudico
2319 1664 2576 1714 verum

609 1786 793 1852 esse,
838 1763 1009 1857 quia
1043 1757 1157 1832 lex
1191 1757 1472 1831 Solonis
1507 1759 1582 1842 id
1618 1760 1858 1859 ipsum
1894 1772 2110 1831 vetat.
2207 1762 2400 1832 Haec
2431 1758 2579 1835 lau-

608 1878 906 1969 dabilia,
952 1890 1027 1951 et
1073 1875 1557 1975 locupletibus
1603 1874 1760 1950 fere
1802 1900 1972 1950 cum
2006 1875 2222 1977 plebe
2252 1900 2577 1950 commu-

610 2003 759 2073 nia:
790 1995 992 2096 quod
1023 1995 1324 2094 quidem
1355 1999 1665 2070 maxime
1702 2021 1745 2069 e
1782 2010 2042 2071 natura
2073 2011 2213 2087 est,
2245 1997 2399 2070 tolli
2433 1995 2577 2075 for,-

359 2132 543 2187 xxlv.
613 2136 830 2192 tunae
868 2117 1255 2189 discrimen
1291 2118 1366 2187 in
1398 2129 1656 2190 morte.
1715 2119 1969 2189 Cetera
2005 2119 2182 2189 item
2215 2114 2577 2210 funebria,

455 2204 543 2256 ⁶⁰⁶
610 2238 883 2338 quibus
912 2234 1153 2308 luctus
1183 2248 1490 2334 augetur
1513 2284 1535 2321 ,
1575 2239 1707 2307 XII
1738 2233 2208 2310 sustulerunt.
2259 2239 2579 2328 Homini,

614 2361 884 2457 inquit,
913 2370 1185 2429 mortuo
1209 2380 1299 2426 ne
1320 2380 1484 2428 ossa
1505 2353 1717 2455 legito
1744 2378 1886 2454 quo
1895 2370 2070 2453 post
2072 2354 2580 2452 fimus-faciat.

612 2481 892 2578 Excipit
940 2475 1270 2552 bellicam
1311 2478 1914 2576 peregrinamque
1958 2489 2291 2550 mortem.
2389 2480 2580 2551 Haec

615 2614 986 2701 praeterea
1020 2609 1192 2672 sunt
1238 2600 1313 2669 in
1360 2595 1674 2694 legibus:
1720 2595 1816 2669 de
1854 2608 2167 2670 unctura
2203 2619 2392 2694 quae
2429 2619 2577 2671 ser-

615 2719 773 2791 vilis
830 2727 1141 2788 unctura
1190 2712 1504 2804 tollitur,
1553 2716 1941 2812 omnisque
1996 2718 2578 2815 circumpotatio:

616 2861 803 2937 quae
849 2850 923 2909 et
963 2847 1160 2916 recte
1207 2832 1600 2926 tolluntur,
1648 2857 1893 2932 neque
1933 2834 2394 2927 tollerentur,
2440 2838 2579 2909 nisi

616 2959 956 3031 fuissent:
1007 2978 1101 3026 ne
1133 2966 1508 3026 sumtuosa
1537 2957 1930 3054 respersiO,
1948 3009 1949 3014 ,
1966 2978 2060 3028 ne
2097 2954 2356 3053 longae
2388 2979 2581 3030 coro-

619 3097 754 3151 nae
803 3099 941 3148 nec
986 3095 1272 3146 acerrae
1321 3086 1887 3171 praetereantur.
1970 3072 2097 3149 Illa
2136 3078 2279 3149 iam
2313 3073 2581 3174 signifi·

619 3201 806 3271 catio
839 3209 945 3267 est
976 3190 1204 3265 laudis
1233 3206 1659 3266 ornamenta
1689 3191 1782 3265 ad
1819 3208 2150 3267 mortuos
2180 3199 2581 3294 pertinere,

618 3313 819 3414 quod
867 3331 1212 3384 coronam
1258 3313 1525 3384 virtute
1570 3326 1889 3412 paratam
1916 3332 1938 3371 ²
1990 3327 2068 3387 et
2103 3317 2171 3387 ei
2205 3318 2335 3413 qui
2365 3335 2582 3417 pepe-

621 3441 863 3524 risset,
909 3448 984 3504 et
1025 3433 1183 3503 eius
1223 3434 1504 3528 parenti
1537 3435 1695 3505 sine
1726 3430 1980 3507 fraude
2011 3457 2167 3507 esse
2201 3434 2316 3507 lex
2346 3438 2580 3535 impo-

621 3560 829 3628 sitam
876 3550 1104 3625 iubet.
1201 3549 1588 3650 Gredoque
1609 3564 1640 3605 ²
1654 3606 1679 3643 ,
1726 3551 1930 3650 quod
1976 3568 2132 3630 erat
2174 3552 2575 3630 factitatum

620 3690 702 3748 ut
735 3676 867 3747 uni
897 3672 1106 3774 plura
1127 3669 1417 3763 fierent,
1450 3670 1763 3771 lectique
1785 3673 2032 3772 plures
2053 3688 2579 3767 sternerentur,

621 3795 695 3867 id
747 3815 1045 3892 quoque
1090 3814 1184 3862 ne
1226 3788 1437 3865 fieret
1485 3790 1644 3892 lege
1697 3807 2028 3868 sanctum
2075 3809 2203 3868 est.
2301 3799 2465 3887 Qua
2501 3799 2577 3869 in

620 3916 774 4012 lege
832 3934 1059 4009 quum
1115 3925 1332 4000 esset,
1383 3935 1549 3983 neve
1584 3936 1833 3985 aarum
1872 3912 2142 4007 addim,
2179 3939 2397 4013 quam
2446 3914 2580 3988 hu·

679 4187 693 4216 ³
741 4188 954 4248 partam.
1029 4179 1051 4216 ²
1089 4193 1188 4227 om.
1222 4192 1344 4244 que.
