3131 5032
738 433 868 501 352
1445 428 1590 496 Lm.
1635 427 1702 512 1,
1748 431 1827 512 9,
1875 430 1984 496 26.

814 659 996 719 quum
1044 648 1261 697 ceterae
1323 636 1654 695 animantes
1705 635 2018 696 abiecimt
2068 634 2148 695 ad
2180 647 2423 715 pastum
2437 683 2458 714 ‚
2512 640 2702 700 solnm

730 743 1024 802 hominem
1085 741 1270 800 erexit
1289 785 1308 816 ‚
1367 751 1425 799 et
1477 740 1558 798 od
1621 739 1771 799 coeli
1823 773 1906 786 -
1960 750 2330 818 conspectum
2388 741 2702 821 excitavit)

735 843 904 903 Conf.
941 841 1071 902 Fin.
1107 841 1206 916 11,
1252 839 1355 915 13,
1399 838 1505 900 40:
1549 846 1610 899 et
1643 839 1947 917 eleganter
1970 840 2226 900 abiicere
2260 860 2405 902 oum
2437 851 2702 905 oontem-

733 957 831 1008 tus
874 944 1310 1026 significatione
1352 942 1474 1002 dici
1492 988 1512 1019 ,
1552 942 1759 1002 multis
1792 943 2085 1022 exemplis
2119 942 2488 1006 demonstrat
2515 945 2701 1008 Schu-

732 1051 882 1111 tzius
914 1051 982 1110 in
1023 1047 1236 1109 Indice
1277 1046 1632 1107 Latinitatis.
1712 1045 1879 1106 Plato
1910 1044 2167 1125 Republ.
2200 1047 2304 1109 lx.
2336 1066 2400 1127 p.
2436 1047 2577 1111 586.
2606 1049 2659 1109 Α
2674 1095 2697 1127 ,

732 1153 811 1214 de
834 1155 908 1212 iis
931 1153 1040 1232 qui
1065 1149 1471 1229 voluptatibus
1501 1148 1693 1208 dediti
1724 1157 1898 1224 sunt,
1927 1152 2306 1227 βοσκημάτων
2337 1155 2508 1227 δίκην
2545 1157 2699 1213 κάτω

731 1259 830 1316 ἀεὶ
861 1258 1174 1332 βλέποντες
1219 1260 1320 1312 καὶ
1357 1255 1674 1326 κεκυφότες
1710 1259 1798 1318 εἰς
1828 1259 1929 1332 γῆν
1965 1286 2074 1330 —‚
2104 1273 2263 1334 quae
2289 1255 2701 1335 expressitsa-

732 1359 965 1420 Iustius.
1018 1356 1334 1416 Philemon
1383 1355 1624 1416 Stobaei
1673 1355 1766 1431 11,
1808 1355 1916 1433 26,
1968 1356 2143 1417 nullo
2185 1357 2307 1419 alio
2323 1403 2342 1433 ,
2383 1358 2623 1438 inquit,
2662 1379 2701 1419 a

733 1464 928 1524 brutis
979 1461 1161 1521 distat
1208 1461 1430 1534 homo,
1485 1458 1602 1518 nisi
1653 1457 1820 1539 quod
1867 1464 2064 1539 ntdya'
2109 1460 2207 1528 ἒςὶ
2262 1460 2469 1528 τᾶλλα,
2525 1469 2699 1522 τοῦτο

730 1567 975 1643 δ’ὀρθόν
1016 1567 1255 1640 θηρίον.
1295 1593 1375 1605 -
1409 1559 1586 1635 Quod
1625 1561 1691 1618 in
1725 1560 2004 1639 pluribus
2039 1562 2401 1642 optimisque
2442 1563 2613 1622 libris
2643 1575 2700 1623 et

731 1676 872 1727 ante
908 1667 988 1726 ad
1022 1666 1173 1726 coeli
1208 1663 1471 1739 abesset,
1512 1664 1704 1723 malui
1748 1664 2093 1743 absorptum
2134 1664 2385 1726 eredere
2419 1665 2699 1745 praeced.

733 1770 959 1852 syllaba
1009 1769 1101 1852 (in
1152 1763 1388 1847 erexit),
1440 1787 1627 1846 quam
1676 1766 2048 1829 deteriorum
2089 1769 2383 1830 librourm
2423 1770 2701 1850 exemplo

729 1875 1033 1952 corrigere
1088 1872 1168 1931 ad
1215 1872 1495 1950 coelique.
1546 1904 1630 1916 —
1682 1871 2077 1931 Domieilium
2136 1872 2422 1952 intelligit
2475 1874 2696 1934 animi·

732 1977 889 2036 siout
938 1994 1156 2054 eorpus
1206 1981 1337 2034 erat
1385 1993 1663 2052 praesens
1699 1974 2104 2035 domicilium.
2143 1975 2224 2037 of.
2259 1974 2586 2040 Ruhnken.
2621 1975 2700 2037 ad

731 2077 883 2139 Vell.
925 2078 1050 2139 Pat.
1092 2077 1191 2152 11,
1233 2075 1341 2151 69,
1386 2076 1446 2137 4.

812 2179 1068 2259 speeiem
1107 2179 1198 2236 ita
1228 2178 1528 2258 sor-mavit
1579 2179 1739 2253 oris,
1788 2189 1858 2238 ue
1896 2179 1968 2237 ἐκ
1999 2200 2070 2239 ea
2091 2182 2339 2261 penitus
2373 2181 2700 2242 reconditos

734 2303 918 2342 mores
968 2276 1289 2362 effingeret)
1387 2278 1781 2340 Vetustissimi
1830 2280 1976 2340 libri
2027 2283 2213 2343 verba
2243 2286 2545 2365 formavit
2579 2286 2698 2345 on's

731 2393 1016 2463 corrupta
1061 2381 1413 2442 habuerunt
1432 2427 1450 2458 ,
1493 2381 1660 2442 unde
1705 2383 1881 2443 fluxit
1914 2387 2209 2446 eorrectio
2232 2390 2442 2467 foma
2478 2388 2697 2448 altiori.

733 2488 852 2551 Sed
895 2488 998 2548 vix
1036 2486 1249 2547 dubito
1288 2486 1440 2565 quin
1473 2486 1901 2566 corrigendum
1935 2488 2012 2548 sit
2045 2491 2116 2549 in
2150 2510 2248 2550 eo.-
2288 2511 2413 2552 non
2445 2493 2607 2553 enim
2636 2492 2701 2553 in

733 2594 925 2675 speeie
980 2593 1137 2666 on‘s,
1193 2589 1299 2650 sed
1334 2590 1400 2648 in
1449 2590 1747 2669 cuiusque
1780 2612 1876 2651 ore
1910 2591 2274 2674 effinguntur
2304 2617 2517 2656 mores:
2559 2615 2701 2656 nam

736 2695 894 2756 illud
907 2694 1190 2776 fingendi
1216 2694 1475 2753 verbum
1498 2694 1815 2773 proprium
1845 2703 1935 2755 est
1961 2696 2259 2757 artificum
2275 2745 2294 2775 ‚
2335 2700 2442 2779 qui
2471 2698 2704 2779 aliquid

733 2796 1032 2875 effingunt
1064 2796 1128 2855 in
1154 2796 1428 2872 materia,
1477 2796 1636 2856 sient
1668 2797 1731 2857 h.
1771 2797 1814 2859 l.
1845 2797 1912 2858 in
1938 2818 2044 2858 ore
2063 2844 2081 2875 ,
2122 2799 2293 2860 velut
2326 2802 2392 2861 in
2427 2803 2705 2879 materia,

738 2882 955 2962 natura
1002 2897 1284 2978 effingere
1342 2898 1572 2958 dicitur
1629 2920 1825 2960 mores
1839 2946 1857 2976 ,
1916 2902 2025 2980 qui
2077 2902 2162 2962 sio
2215 2905 2388 2982 quasi
2438 2913 2668 2968 exstent
2681 2930 2699 2983 ;

740 3011 923 3084 prout
958 3001 1246 3081 Virgilius
1279 3001 1434 3060 dixit
1464 3000 1618 3062 Aen.
1638 3000 1718 3061 VI
1729 3048 1747 3078 ,
1781 3002 1892 3080 32,
1929 3026 2100 3065 casus
2132 3004 2403 3089 effingere
2438 3010 2509 3067 in
2541 3028 2703 3069 auro.

739 3105 1062 3186 Propterea
1110 3104 1214 3163 vix
1265 3102 1514 3164 defendi
1547 3105 1770 3183 poterit
1802 3105 1970 3166 loeus
1998 3106 2167 3169 Tuse.
2200 3108 2228 3166 1
2248 3155 2269 3184 ‚
2311 3109 2429 3188 25,
2471 3112 2541 3173 61
2567 3158 2587 3188 ‚
2628 3110 2706 3172 de

740 3210 1030 3270 memoria
1047 3255 1065 3284 ,
1106 3227 1183 3266 an
1221 3207 1295 3266 sit
1334 3206 1702 3268 conserenda
1735 3228 1878 3268 oum
1910 3212 2174 3290 vestigiis
2201 3232 2406 3274 rerum
2425 3260 2445 3291 ‚
2486 3215 2708 3294 quibus

739 3313 1013 3387 animus,
1057 3318 1362 3389 tamquam
1388 3328 1527 3370 cera
1542 3356 1561 3386 ‚
1602 3310 1984 3391 imprimatur
1995 3338 2014 3392 5
2058 3336 2210 3394 quae
2228 3336 2408 3396 pon-0
2441 3329 2559 3377 tam
2593 3318 2707 3375 im.

740 3435 941 3475 mensa
994 3414 1375 3495 magnitudo,
1436 3436 1586 3494 quae
1636 3417 1745 3475 ina
1794 3428 1916 3476 tam
1955 3420 2139 3479 multa
2164 3424 2357 3501 pouit
2386 3420 2707 3504 effingere?

740 3518 858 3577 Sed
909 3536 1033 3576 non
1082 3516 1210 3595 ipsa
1245 3516 1603 3595 magnitudo
1656 3517 1917 3597 effingit,
1960 3541 2163 3602 neque
2209 3525 2326 3585 hoc
2362 3526 2707 3587 mirandum

746 3626 910 3692 erat,
952 3616 1104 3697 quid
1142 3619 1245 3678 illa
1287 3627 1511 3697 posset,
1551 3618 1658 3679 sed
1687 3622 1755 3678 in
1795 3641 1914 3700 qua
1943 3623 2052 3682 ina
2089 3635 2131 3684 t.
2161 3647 2239 3684 m.
2257 3647 2329 3707 p.
2368 3649 2461 3700 0.,·
2501 3648 2707 3707 quam-

743 3741 927 3802 quam
939 3720 1310 3800 diligentius,
1332 3730 1502 3801 puto,
1518 3723 1863 3801 scripsisset,
1892 3737 2013 3785 tam
2034 3728 2218 3788 multa
2225 3732 2464 3809 possint
2482 3730 2707 3813 effingi.

744 3826 895 3885 Hine
936 3824 1093 3884 Orat.
1132 3824 1229 3901 11,
1272 3823 1385 3899 43,
1431 3824 1585 3902 184,
1626 3838 1694 3886 ut
1736 3829 1912 3906 quasi
1956 3850 2139 3890 mores
2173 3835 2425 3892 oratoris
2468 3832 2707 3916 effingat

746 3930 969 4003 oratio,
1030 3928 1150 3988 alio
1198 3928 1464 4007 quodam
1517 3929 1697 3990 modo
1748 3929 1971 3992 dicitur
1990 3978 2006 4007 ‚
2050 3934 2332 3993 translata
2366 3937 2602 3996 actione
2631 3935 2705 3995 ad

746 4033 970 4111 ipsam,
1029 4032 1096 4089 in
1146 4050 1267 4109 qua
1318 4029 1776 4110 effingerentur,
1833 4036 2173 4096 materiam:
2213 4038 2372 4100 cons.
2413 4039 2560 4099 ibid.
2597 4038 2706 4115 60,

748 4134 885 4195 243.
957 4134 1073 4193 Sed
1094 4132 1364 4216 effingere
1390 4154 1583 4214 quum
1612 4136 1769 4196 absol
1779 4137 2047 4200 ationem
2072 4141 2398 4219 quamdam
2426 4142 2620 4222 operis
2643 4149 2707 4202 et
