3131 5032
1288 480 1386 556 45

379 709 486 770 ter
531 698 760 795 ipsoS,
799 691 936 766 diis
978 695 1503 772 immortalibus
1537 700 1983 798 interpositis
2020 713 2176 771 tum
2209 703 2317 773 iu-

371 812 652 887 dicibus
684 826 844 884 tum
877 812 1221 887 testibus?

462 933 698 1006 Habes
743 933 918 1033 legis
953 939 1434 1033 prooemium:
1471 938 1575 1008 sic
1608 940 1804 1009 enim
1834 937 1980 1009 hoc
2013 937 2321 1037 appellat
2387 939 2475 993 ¹⁷·

369 1054 584 1128 Plato.
682 1056 771 1144 Q.
831 1050 1079 1126 Habeo
1129 1079 1303 1127 vero
1354 1054 1596 1129 frater.
1654 1060 1741 1127 Et
1779 1061 1857 1127 in
1899 1056 2041 1128 hoc
2075 1056 2322 1129 admo-

370 1174 544 1247 dum
598 1172 955 1264 delector‚
1011 1173 1212 1271 quod
1274 1179 1349 1245 in
1398 1175 1554 1248 aliis
1587 1174 1803 1248 rebus
1835 1176 2134 1272 aliisque
2166 1200 2328 1248 sen-

369 1297 611 1367 tentiis
647 1296 946 1367 versaris
982 1306 1202 1389 atque
1239 1293 1376 1366 ille.
1473 1293 1669 1369 Nihil
1707 1299 1902 1366 enim
1935 1309 2083 1367 tam
2120 1293 2323 1365 dissi-

368 1413 567 1504 mile,
603 1438 827 1510 quam
873 1411 987 1484 vel
1028 1434 1109 1484 ea
1153 1437 1341 1510 quae
1377 1427 1546 1486 ante
1584 1411 1853 1504 dixisti,
1889 1415 2002 1486 vel
2042 1413 2185 1486 hoc
2220 1416 2326 1512 ip-

368 1558 527 1606 sum
587 1532 765 1631 l'egis
817 1531 1213 1604 exordium.
1310 1537 1555 1605 Unum
1612 1532 1787 1604 illud
1835 1532 2014 1618 mihi
2057 1531 2322 1604 videris

366 1655 660 1742 imitari,
726 1655 1069 1725 orationis
1130 1676 1377 1750 genuS.
1507 1657 1609 1723 M.
1675 1651 1874 1724 Velle
1900 1661 1923 1700 ¹
1986 1649 2320 1724 fortasse:

359 1777 533 1870 quis
571 1776 767 1845 enim
804 1771 877 1844 id
917 1785 1154 1871 potest
1196 1785 1323 1844 aut
1345 1796 1693 1870 umquam
1715 1775 1981 1870 poterit
2009 1770 2323 1843 imitari?

366 1895 549 1966 Nam
606 1896 995 1965 sententias
1042 1896 1500 1991 interpretari
1551 1889 1886 1990 perfacile
1934 1905 2070 1963 est:
2119 1889 2323 1988 quod

364 2010 662 2109 quidem
690 2034 825 2108 ego
851 2009 1159 2084 facerem
1175 2064 1195 2103 ,
1230 2015 1369 2083 nisi
1397 2011 1608 2111 plane
1632 2036 1786 2084 esse
1810 2009 2067 2083 vellem
2093 2034 2318 2082 meus.

364 2129 562 2221 Quid
583 2134 777 2202 enim
806 2135 1078 2227 negotii
1125 2145 1236 2203 est
1274 2130 1522 2203 eadem
1546 2155 1777 2231 prope
1803 2130 2043 2202 verbis
2066 2128 2320 2202 iisdem

359 2222 706 2323 conversa
756 2249 1043 2322 dicere?
1113 2253 1201 2341 Q.
1244 2256 1541 2322 Prorsus
1583 2254 1953 2323 assentior.
2012 2254 2318 2339 Verum,

362 2384 445 2441 ut
502 2369 725 2442 modo
773 2383 930 2441 tute
982 2368 1258 2462 dixisti,
1314 2383 1387 2443 te
1436 2394 1592 2443 esse
1624 2369 1813 2440 malo
1850 2383 2083 2441 tuum.
2182 2366 2321 2440 Sed

361 2493 504 2565 iam
562 2488 937 2590 exprome,
987 2492 1047 2562 si
1094 2490 1357 2591 placet,
1387 2493 1555 2564 istas
1594 2490 1784 2589 leges
1819 2488 1912 2562 de
1951 2488 2315 2588 religione.

358 2616 457 2684 M.
504 2617 938 2712 Expromam
983 2612 1324 2709 equidem
1363 2625 1446 2683 ut
1481 2625 1761 2711 potero.
1842 2616 1932 2682 Et
1969 2613 2316 2707 quoniam
2386 2625 2475 2693 1‘8.

362 2745 439 2805 et
469 2731 671 2804 locus
706 2745 779 2804 et
815 2755 1053 2804 sermo
1083 2729 1619 2826 familiarisxest,
1650 2730 1893 2828 legum
1919 2730 2111 2830 leges
2137 2753 2314 2802 voce

360 2876 782 2953 proponam.
874 2853 962 2942 Q.
1026 2850 1388 2941 Quidnam
1423 2850 1496 2922 id
1536 2851 1685 2923 est?
1762 2855 1861 2921 M.
1899 2855 2081 2920 Sunt
2120 2862 2314 2921 certa

360 2972 611 3071 legum
656 2972 899 3062 verba,
937 2973 1248 3062 Quinte,
1285 2994 1523 3067 neque
1559 2974 1657 3042 ita
1693 2973 1930 3069 prisca
1964 2981 2045 3038 ut
2082 2970 2154 3036 in
2194 2991 2314 3038 ve-

358 3090 638 3165 teribus
689 3097 817 3164 xn
867 3095 1304 3188 sacratisque
1349 3088 1658 3187 legibus,
1718 3103 1795 3161 et
1835 3103 2115 3174 tamen,
2159 3109 2313 3184 quo

358 3210 520 3309 plus
544 3212 987 3282 auctoritatis
1013 3207 1358 3298 habeant,
1392 3207 1610 3307 paulo
1642 3209 2054 3305 antiquiora
2092 3229 2310 3300 quam

356 3330 478 3402 hic
520 3354 768 3402 sermo
808 3342 937 3401 est.
1071 3333 1252 3400 Eum
1298 3351 1576 3400 morem
1607 3331 1829 3426 igitur
1869 3350 2035 3399 cum
2074 3321 2311 3396 brevi-

355 3461 532 3540 tate,
568 3453 629 3521 si
659 3463 1003 3549 potuero,
1048 3471 1470 3545 consequar.
1569 3451 1793 3546 Leges
1828 3461 2074 3520 autem
2115 3469 2157 3517 a
2196 3468 2311 3517 me

355 3569 664 3642 edentur
699 3593 852 3640 non
890 3565 1278 3668 perfectae,
1316 3592 1485 3641 nam
1520 3582 1708 3639 esset
1741 3565 2141 3653 infinitum3
2187 3563 2314 3637 sed

354 3691 552 3787 ipsae
599 3713 922 3774 summae
976 3713 1217 3761 rerum
1272 3701 1492 3785 atque
1543 3691 1960 3761 sententiae.
2069 3688 2155 3777 Q.
2205 3691 2310 3759 Ita
2384 3711 2468 3763 19.

356 3832 528 3881 vero
559 3833 854 3881 necesse
889 3821 1017 3880 est.
1116 3811 1358 3899 Quare
1388 3806 1785 3880 audiamus.

451 3933 548 4000 M.
649 3927 769 4001 Ad
834 3925 1075 4001 divos
1137 3927 1530 4002 adeunto
1588 3943 1847 4001 caste:
1893 3931 2309 4027 pietatem
2382 3956 2527 4010 vm,

823 4107 1062 4117 -—-——ss—-

382 4110 448 4119 o—-o

415 4197 434 4230 ²
472 4193 682 4246 vollem.
