<?xml version="1.0" encoding="UTF-8"?>
<!DOCTYPE html PUBLIC "-//W3C//DTD XHTML 1.0 Transitional//EN"
    "http://www.w3.org/TR/xhtml1/DTD/xhtml1-transitional.dtd">
<html xmlns="http://www.w3.org/1999/xhtml" xml:lang="en" lang="en">
 <head>
  <title>
</title>
<meta http-equiv="Content-Type" content="text/html;charset=utf-8" />
  <meta name='ocr-system' content='tesseract 3.04.00' />
  <meta name='ocr-capabilities' content='ocr_page ocr_carea ocr_par ocr_line ocrx_word'/>
</head>
<body>
  <div class='ocr_page' id='page_1' title='image "./mtulliiciceroni02bakegoog_0117.png"; bbox 0 0 3131 5032; ppageno 0'>
   <div class='ocr_carea' id='block_1_1' title="bbox 1670 506 1765 578">
    <p class='ocr_par' dir='ltr' id='par_1_1' title="bbox 1670 506 1765 578">
     <span class='ocr_line' id='line_1_1' title="bbox 1670 506 1765 578; baseline 0 0"><span class='ocrx_word' id='word_1_1' title='bbox 1670 506 1765 578; x_wconf 84' lang='lat'><strong>50</strong></span> 
     </span>
    </p>
   </div>
   <div class='ocr_carea' id='block_1_2' title="bbox 717 719 2705 3929">
    <p class='ocr_par' dir='ltr' id='par_1_2' title="bbox 731 719 2705 1415">
     <span class='ocr_line' id='line_1_2' title="bbox 747 719 2705 812; baseline -0.001 -17"><span class='ocrx_word' id='word_1_2' title='bbox 747 722 949 811; x_wconf 84' lang='lat' dir='ltr'><strong>dem,</strong></span> <span class='ocrx_word' id='word_1_3' title='bbox 989 728 1248 812; x_wconf 78' lang='lat' dir='ltr'>Attice,</span> <span class='ocrx_word' id='word_1_4' title='bbox 1299 744 1446 793; x_wconf 91' lang='lat' dir='ltr'><strong>non</strong></span> <span class='ocrx_word' id='word_1_5' title='bbox 1483 747 1557 794; x_wconf 91' lang='lat' dir='ltr'><strong>es</strong></span> <span class='ocrx_word' id='word_1_6' title='bbox 1597 719 1925 793; x_wconf 89' lang='lat' dir='ltr'><strong>dicturus</strong></span> <span class='ocrx_word' id='word_1_7' title='bbox 1959 720 2204 793; x_wconf 83' lang='lat' dir='ltr'><strong>aliter?</strong></span> <span class='ocrx_word' id='word_1_8' title='bbox 2301 724 2445 792; x_wconf 87' lang='lat' dir='ltr'><strong>Att.</strong></span> <span class='ocrx_word' id='word_1_9' title='bbox 2497 725 2705 794; x_wconf 86' lang='lat' dir='ltr'><strong>Pror-</strong></span> 
     </span>
     <span class='ocr_line' id='line_1_3' title="bbox 745 839 2700 941; baseline -0.002 -28"><span class='ocrx_word' id='word_1_10' title='bbox 745 868 866 914; x_wconf 90' lang='lat' dir='ltr'><strong>sus</strong></span> <span class='ocrx_word' id='word_1_11' title='bbox 907 847 1248 915; x_wconf 90' lang='lat' dir='ltr'><strong>maiorem</strong></span> <span class='ocrx_word' id='word_1_12' title='bbox 1296 840 1591 941; x_wconf 89' lang='lat' dir='ltr'><strong>quidem</strong></span> <span class='ocrx_word' id='word_1_13' title='bbox 1633 866 1786 913; x_wconf 89' lang='lat' dir='ltr'><strong>rem</strong></span> <span class='ocrx_word' id='word_1_14' title='bbox 1822 840 2092 912; x_wconf 83' lang='lat' dir='ltr'><strong>nullam</strong></span> <span class='ocrx_word' id='word_1_15' title='bbox 2130 843 2419 911; x_wconf 83' lang='lat' dir='ltr'>sciscam</span> <span class='ocrx_word' id='word_1_16' title='bbox 2458 839 2700 927; x_wconf 88' lang='lat' dir='ltr'><strong>aliter,</strong></span> 
     </span>
     <span class='ocr_line' id='line_1_4' title="bbox 741 957 2695 1051; baseline -0.001 -20"><span class='ocrx_word' id='word_1_17' title='bbox 741 966 816 1032; x_wconf 88' lang='lat' dir='ltr'><strong>in</strong></span> <span class='ocrx_word' id='word_1_18' title='bbox 845 962 1286 1051; x_wconf 75' lang='lat' dir='ltr'><strong>minoribuS,</strong></span> <span class='ocrx_word' id='word_1_19' title='bbox 1318 966 1378 1033; x_wconf 87' lang='lat' dir='ltr'><strong>si</strong></span> <span class='ocrx_word' id='word_1_20' title='bbox 1410 962 1637 1050; x_wconf 76' lang='lat' dir='ltr'><strong>voleS,</strong></span> <span class='ocrx_word' id='word_1_21' title='bbox 1677 963 2037 1032; x_wconf 81' lang='lat' dir='ltr'><strong>remittam</strong></span> <span class='ocrx_word' id='word_1_22' title='bbox 2070 957 2216 1031; x_wconf 91' lang='lat' dir='ltr'><strong>hoc</strong></span> <span class='ocrx_word' id='word_1_23' title='bbox 2245 957 2398 1030; x_wconf 91' lang='lat' dir='ltr'><strong>tibi.</strong></span> <span class='ocrx_word' id='word_1_24' title='bbox 2448 961 2695 1049; x_wconf 45' lang='lat' dir='ltr'><strong>QsAt-</strong></span> 
     </span>
     <span class='ocr_line' id='line_1_5' title="bbox 739 1078 2696 1179; baseline -0.003 -26"><span class='ocrx_word' id='word_1_25' title='bbox 739 1107 885 1178; x_wconf 91' lang='lat' dir='ltr'><strong>que</strong></span> <span class='ocrx_word' id='word_1_26' title='bbox 918 1107 1074 1154; x_wconf 91' lang='lat' dir='ltr'><strong>mea</strong></span> <span class='ocrx_word' id='word_1_27' title='bbox 1108 1082 1399 1179; x_wconf 90' lang='lat' dir='ltr'><strong>quidem</strong></span> <span class='ocrx_word' id='word_1_28' title='bbox 1430 1084 1783 1154; x_wconf 87' lang='lat' dir='ltr'><strong>sententia</strong></span> <span class='ocrx_word' id='word_1_29' title='bbox 1809 1093 1937 1152; x_wconf 87' lang='lat' dir='ltr'><strong>est.</strong></span> <span class='ocrx_word' id='word_1_30' title='bbox 2017 1083 2114 1150; x_wconf 91' lang='lat' dir='ltr'><strong>M.</strong></span> <span class='ocrx_word' id='word_1_31' title='bbox 2156 1084 2247 1151; x_wconf 86' lang='lat' dir='ltr'><strong>At</strong></span> <span class='ocrx_word' id='word_1_32' title='bbox 2274 1102 2368 1150; x_wconf 86' lang='lat' dir='ltr'><strong>ne</strong></span> <span class='ocrx_word' id='word_1_33' title='bbox 2394 1078 2696 1176; x_wconf 88' lang='lat' dir='ltr'><strong>longum</strong></span> 
     </span>
     <span class='ocr_line' id='line_1_6' title="bbox 736 1195 2690 1295; baseline -0.001 -24"><span class='ocrx_word' id='word_1_34' title='bbox 736 1199 862 1273; x_wconf 82' lang='lat' dir='ltr'><strong>fiat</strong></span> <span class='ocrx_word' id='word_1_35' title='bbox 922 1201 1175 1274; x_wconf 82' lang='lat' dir='ltr'><strong>videte.</strong></span> <span class='ocrx_word' id='word_1_36' title='bbox 1277 1209 1419 1273; x_wconf 90' lang='lat' dir='ltr'><strong>Att.</strong></span> <span class='ocrx_word' id='word_1_37' title='bbox 1493 1205 1788 1272; x_wconf 85' lang='lat' dir='ltr'><strong>Utinam</strong></span> <span class='ocrx_word' id='word_1_38' title='bbox 1849 1195 2184 1295; x_wconf 89' lang='lat' dir='ltr'><strong>quidem!</strong></span> <span class='ocrx_word' id='word_1_39' title='bbox 2246 1198 2441 1289; x_wconf 89' lang='lat' dir='ltr'><strong>Quid</strong></span> <span class='ocrx_word' id='word_1_40' title='bbox 2498 1202 2690 1270; x_wconf 89' lang='lat' dir='ltr'><strong>enim</strong></span> 
     </span>
     <span class='ocr_line' id='line_1_7' title="bbox 731 1302 1373 1415; baseline 0 -27"><span class='ocrx_word' id='word_1_41' title='bbox 731 1342 940 1415; x_wconf 82' lang='lat' dir='ltr'><strong>agere</strong></span> <span class='ocrx_word' id='word_1_42' title='bbox 980 1302 1373 1391; x_wconf 72' lang='lat' dir='ltr'><strong>nialumus?</strong></span> 
     </span>
    </p>

    <p class='ocr_par' dir='ltr' id='par_1_3' title="bbox 717 1433 2687 3690">
     <span class='ocr_line' id='line_1_8' title="bbox 826 1433 2686 1525; baseline -0.001 -17"><span class='ocrx_word' id='word_1_43' title='bbox 826 1441 924 1508; x_wconf 92' lang='lat' dir='ltr'><strong>M.</strong></span> <span class='ocrx_word' id='word_1_44' title='bbox 972 1438 1180 1510; x_wconf 85' lang='lat' dir='ltr'><strong>Caste</strong></span> <span class='ocrx_word' id='word_1_45' title='bbox 1213 1438 1413 1510; x_wconf 87' lang='lat' dir='ltr'><strong>iubet</strong></span> <span class='ocrx_word' id='word_1_46' title='bbox 1442 1437 1558 1508; x_wconf 84' lang='lat' dir='ltr'><strong>lex</strong></span> <span class='ocrx_word' id='word_1_47' title='bbox 1590 1434 1792 1507; x_wconf 85' lang='lat' dir='ltr'><strong>adire</strong></span> <span class='ocrx_word' id='word_1_48' title='bbox 1830 1433 1921 1509; x_wconf 88' lang='lat' dir='ltr'><strong>ad</strong></span> <span class='ocrx_word' id='word_1_49' title='bbox 1954 1433 2165 1525; x_wconf 79' lang='lat' dir='ltr'><strong>deos3</strong></span> <span class='ocrx_word' id='word_1_50' title='bbox 2213 1438 2458 1525; x_wconf 87' lang='lat' dir='ltr'><strong>animo</strong></span> <span class='ocrx_word' id='word_1_51' title='bbox 2489 1433 2686 1506; x_wconf 89' lang='lat' dir='ltr'><strong>vide-</strong></span> 
     </span>
     <span class='ocr_line' id='line_1_9' title="bbox 731 1554 2687 1655; baseline -0.001 -28"><span class='ocrx_word' id='word_1_52' title='bbox 731 1558 922 1647; x_wconf 88' lang='lat' dir='ltr'><strong>licet,</strong></span> <span class='ocrx_word' id='word_1_53' title='bbox 975 1562 1050 1628; x_wconf 91' lang='lat' dir='ltr'><strong>in</strong></span> <span class='ocrx_word' id='word_1_54' title='bbox 1083 1583 1233 1655; x_wconf 93' lang='lat' dir='ltr'><strong>quo</strong></span> <span class='ocrx_word' id='word_1_55' title='bbox 1269 1571 1439 1630; x_wconf 86' lang='lat' dir='ltr'><strong>sunt</strong></span> <span class='ocrx_word' id='word_1_56' title='bbox 1473 1558 1750 1628; x_wconf 83' lang='lat' dir='ltr'><strong>omnia:</strong></span> <span class='ocrx_word' id='word_1_57' title='bbox 1788 1578 1925 1627; x_wconf 92' lang='lat' dir='ltr'><strong>nec</strong></span> <span class='ocrx_word' id='word_1_58' title='bbox 1961 1554 2149 1626; x_wconf 88' lang='lat' dir='ltr'><strong>tollit</strong></span> <span class='ocrx_word' id='word_1_59' title='bbox 2190 1557 2687 1626; x_wconf 81' lang='lat' dir='ltr'><strong>castimoniam</strong></span> 
     </span>
     <span class='ocr_line' id='line_1_10' title="bbox 727 1673 2685 1776; baseline -0.003 -27"><span class='ocrx_word' id='word_1_60' title='bbox 727 1681 1091 1776; x_wconf 86' lang='lat' dir='ltr'><strong>corporis:</strong></span> <span class='ocrx_word' id='word_1_61' title='bbox 1143 1677 1270 1749; x_wconf 83' lang='lat' dir='ltr'><strong>sed</strong></span> <span class='ocrx_word' id='word_1_62' title='bbox 1313 1676 1457 1747; x_wconf 90' lang='lat' dir='ltr'><strong>hoc</strong></span> <span class='ocrx_word' id='word_1_63' title='bbox 1503 1689 1794 1774; x_wconf 84' lang='lat' dir='ltr'>oportet</span> <span class='ocrx_word' id='word_1_64' title='bbox 1836 1673 2176 1770; x_wconf 85' lang='lat' dir='ltr'><strong>intelligi,</strong></span> <span class='ocrx_word' id='word_1_65' title='bbox 2230 1699 2461 1771; x_wconf 93' lang='lat' dir='ltr'><strong>quum</strong></span> <span class='ocrx_word' id='word_1_66' title='bbox 2502 1673 2685 1745; x_wconf 88' lang='lat' dir='ltr'><strong>mul-</strong></span> 
     </span>
     <span class='ocr_line' id='line_1_11' title="bbox 726 1794 2684 1893; baseline -0.001 -26"><span class='ocrx_word' id='word_1_67' title='bbox 726 1810 883 1867; x_wconf 88' lang='lat' dir='ltr'><strong>tum</strong></span> <span class='ocrx_word' id='word_1_68' title='bbox 937 1801 1218 1869; x_wconf 88' lang='lat' dir='ltr'><strong>animus</strong></span> <span class='ocrx_word' id='word_1_69' title='bbox 1269 1819 1575 1893; x_wconf 89' lang='lat' dir='ltr'><strong>corpore</strong></span> <span class='ocrx_word' id='word_1_70' title='bbox 1626 1817 1647 1852; x_wconf 87' lang='lat'>¹</span> <span class='ocrx_word' id='word_1_71' title='bbox 1709 1807 2059 1893; x_wconf 88' lang='lat' dir='ltr'><strong>praestet,</strong></span> <span class='ocrx_word' id='word_1_72' title='bbox 2111 1794 2684 1891; x_wconf 79' lang='lat' dir='ltr'><strong>observeturque</strong></span> 
     </span>
     <span class='ocr_line' id='line_1_12' title="bbox 724 1913 2680 2014; baseline -0.001 -29"><span class='ocrx_word' id='word_1_73' title='bbox 724 1930 806 1985; x_wconf 90' lang='lat' dir='ltr'><strong>ut</strong></span> <span class='ocrx_word' id='word_1_74' title='bbox 873 1930 1063 1987; x_wconf 88' lang='lat' dir='ltr'><strong>casta</strong></span> <span class='ocrx_word' id='word_1_75' title='bbox 1127 1940 1432 2014; x_wconf 86' lang='lat' dir='ltr'><strong>corpora</strong></span> <span class='ocrx_word' id='word_1_76' title='bbox 1498 1913 2023 2003; x_wconf 83' lang='lat' dir='ltr'><strong>adhibeantur,</strong></span> <span class='ocrx_word' id='word_1_77' title='bbox 2094 1914 2325 1986; x_wconf 90' lang='lat' dir='ltr'><strong>multo</strong></span> <span class='ocrx_word' id='word_1_78' title='bbox 2386 1938 2542 1986; x_wconf 86' lang='lat' dir='ltr'><strong>esse</strong></span> <span class='ocrx_word' id='word_1_79' title='bbox 2602 1918 2680 1985; x_wconf 92' lang='lat' dir='ltr'><strong>in</strong></span> 
     </span>
     <span class='ocr_line' id='line_1_13' title="bbox 717 2031 2682 2130; baseline -0.001 -25"><span class='ocrx_word' id='word_1_80' title='bbox 717 2039 978 2105; x_wconf 89' lang='lat' dir='ltr'><strong>animis</strong></span> <span class='ocrx_word' id='word_1_81' title='bbox 1025 2035 1100 2106; x_wconf 90' lang='lat' dir='ltr'><strong>id</strong></span> <span class='ocrx_word' id='word_1_82' title='bbox 1143 2032 1572 2106; x_wconf 88' lang='lat' dir='ltr'><strong>servandum</strong></span> <span class='ocrx_word' id='word_1_83' title='bbox 1621 2036 1864 2130; x_wconf 87' lang='lat' dir='ltr'><strong>magis.</strong></span> <span class='ocrx_word' id='word_1_84' title='bbox 1964 2037 2145 2107; x_wconf 89' lang='lat' dir='ltr'><strong>Nam</strong></span> <span class='ocrx_word' id='word_1_85' title='bbox 2192 2031 2372 2104; x_wconf 88' lang='lat' dir='ltr'><strong>illud</strong></span> <span class='ocrx_word' id='word_1_86' title='bbox 2407 2032 2519 2105; x_wconf 86' lang='lat' dir='ltr'><strong>vel</strong></span> <span class='ocrx_word' id='word_1_87' title='bbox 2556 2031 2682 2105; x_wconf 85' lang='lat' dir='ltr'><strong>ad-</strong></span> 
     </span>
     <span class='ocr_line' id='line_1_14' title="bbox 722 2151 2678 2251; baseline 0 -28"><span class='ocrx_word' id='word_1_88' title='bbox 722 2158 1087 2251; x_wconf 86' lang='lat' dir='ltr'><strong>spersione</strong></span> <span class='ocrx_word' id='word_1_89' title='bbox 1145 2179 1412 2251; x_wconf 86' lang='lat' dir='ltr'><strong>aquae,</strong></span> <span class='ocrx_word' id='word_1_90' title='bbox 1477 2152 1592 2226; x_wconf 83' lang='lat' dir='ltr'><strong>vel</strong></span> <span class='ocrx_word' id='word_1_91' title='bbox 1648 2151 1933 2225; x_wconf 87' lang='lat' dir='ltr'><strong>dierum</strong></span> <span class='ocrx_word' id='word_1_92' title='bbox 1990 2177 2297 2225; x_wconf 88' lang='lat' dir='ltr'><strong>numero</strong></span> <span class='ocrx_word' id='word_1_93' title='bbox 2359 2153 2678 2243; x_wconf 88' lang='lat' dir='ltr'><strong>tollitur,</strong></span> 
     </span>
     <span class='ocr_line' id='line_1_15' title="bbox 721 2273 2682 2364; baseline 0 -20"><span class='ocrx_word' id='word_1_94' title='bbox 721 2276 942 2344; x_wconf 89' lang='lat' dir='ltr'><strong>animi</strong></span> <span class='ocrx_word' id='word_1_95' title='bbox 1006 2273 1199 2346; x_wconf 89' lang='lat' dir='ltr'><strong>labes</strong></span> <span class='ocrx_word' id='word_1_96' title='bbox 1270 2297 1406 2346; x_wconf 91' lang='lat' dir='ltr'><strong>nec</strong></span> <span class='ocrx_word' id='word_1_97' title='bbox 1458 2274 1930 2345; x_wconf 82' lang='lat' dir='ltr'><strong>diuturnitate</strong></span> <span class='ocrx_word' id='word_1_98' title='bbox 1987 2297 2368 2345; x_wconf 79' lang='lat' dir='ltr'><strong>vanescere</strong></span> <span class='ocrx_word' id='word_1_99' title='bbox 2413 2281 2482 2364; x_wconf 81' lang='lat'><strong>²,</strong></span> <span class='ocrx_word' id='word_1_100' title='bbox 2542 2297 2682 2345; x_wconf 89' lang='lat' dir='ltr'><strong>nec</strong></span> 
     </span>
     <span class='ocr_line' id='line_1_16' title="bbox 725 2391 2681 2492; baseline -0.001 -28"><span class='ocrx_word' id='word_1_101' title='bbox 725 2391 1058 2464; x_wconf 86' lang='lat' dir='ltr'><strong>amnibus</strong></span> <span class='ocrx_word' id='word_1_102' title='bbox 1096 2392 1256 2464; x_wconf 91' lang='lat' dir='ltr'><strong>ullis</strong></span> <span class='ocrx_word' id='word_1_103' title='bbox 1294 2393 1438 2465; x_wconf 89' lang='lat' dir='ltr'><strong>elui</strong></span> <span class='ocrx_word' id='word_1_104' title='bbox 1471 2408 1729 2492; x_wconf 88' lang='lat' dir='ltr'><strong>potest.</strong></span> <span class='ocrx_word' id='word_1_105' title='bbox 1814 2391 2033 2484; x_wconf 88' lang='lat' dir='ltr'><strong>Quod</strong></span> <span class='ocrx_word' id='word_1_106' title='bbox 2064 2408 2307 2465; x_wconf 86' lang='lat' dir='ltr'><strong>autem</strong></span> <span class='ocrx_word' id='word_1_107' title='bbox 2336 2397 2681 2492; x_wconf 84' lang='lat' dir='ltr'><strong>pietatem</strong></span> 
     </span>
     <span class='ocr_line' id='line_1_17' title="bbox 723 2509 2684 2613; baseline 0.002 -30"><span class='ocrx_word' id='word_1_108' title='bbox 723 2509 1081 2602; x_wconf 88' lang='lat' dir='ltr'><strong>adhiberi,</strong></span> <span class='ocrx_word' id='word_1_109' title='bbox 1137 2538 1312 2612; x_wconf 89' lang='lat' dir='ltr'><strong>opes</strong></span> <span class='ocrx_word' id='word_1_110' title='bbox 1370 2516 1691 2586; x_wconf 87' lang='lat' dir='ltr'><strong>amoveri</strong></span> <span class='ocrx_word' id='word_1_111' title='bbox 1751 2511 1989 2604; x_wconf 84' lang='lat' dir='ltr'><strong>iubet,</strong></span> <span class='ocrx_word' id='word_1_112' title='bbox 2041 2510 2394 2611; x_wconf 85' lang='lat' dir='ltr'><strong>significat</strong></span> <span class='ocrx_word' id='word_1_113' title='bbox 2456 2516 2684 2613; x_wconf 87' lang='lat' dir='ltr'><strong>pieta-</strong></span> 
     </span>
     <span class='ocr_line' id='line_1_18' title="bbox 724 2632 2683 2731; baseline 0.001 -28"><span class='ocrx_word' id='word_1_114' title='bbox 724 2645 872 2705; x_wconf 88' lang='lat' dir='ltr'><strong>tem</strong></span> <span class='ocrx_word' id='word_1_115' title='bbox 908 2647 933 2687; x_wconf 80' lang='lat'>³</span> <span class='ocrx_word' id='word_1_116' title='bbox 981 2647 1251 2731; x_wconf 88' lang='lat' dir='ltr'><strong>gratam</strong></span> <span class='ocrx_word' id='word_1_117' title='bbox 1302 2659 1456 2706; x_wconf 88' lang='lat' dir='ltr'><strong>esse</strong></span> <span class='ocrx_word' id='word_1_118' title='bbox 1500 2632 1681 2724; x_wconf 88' lang='lat' dir='ltr'><strong>de0,</strong></span> <span class='ocrx_word' id='word_1_119' title='bbox 1731 2647 2054 2705; x_wconf 88' lang='lat' dir='ltr'><strong>sumtum</strong></span> <span class='ocrx_word' id='word_1_120' title='bbox 2104 2657 2258 2705; x_wconf 85' lang='lat' dir='ltr'><strong>esse</strong></span> <span class='ocrx_word' id='word_1_121' title='bbox 2304 2657 2683 2707; x_wconf 85' lang='lat' dir='ltr'><strong>removen-</strong></span> 
     </span>
     <span class='ocr_line' id='line_1_19' title="bbox 721 2740 2686 2852; baseline -0.001 -29"><span class='ocrx_word' id='word_1_122' title='bbox 721 2752 918 2823; x_wconf 89' lang='lat' dir='ltr'><strong>dum.</strong></span> <span class='ocrx_word' id='word_1_123' title='bbox 1026 2754 1271 2842; x_wconf 90' lang='lat' dir='ltr'><strong>Quum</strong></span> <span class='ocrx_word' id='word_1_124' title='bbox 1332 2756 1528 2823; x_wconf 92' lang='lat' dir='ltr'><strong>enim</strong></span> <span class='ocrx_word' id='word_1_125' title='bbox 1579 2766 2077 2852; x_wconf 87' lang='lat' dir='ltr'><strong>paupertatem</strong></span> <span class='ocrx_word' id='word_1_126' title='bbox 2131 2778 2299 2824; x_wconf 89' lang='lat' dir='ltr'><strong>cum</strong></span> <span class='ocrx_word' id='word_1_127' title='bbox 2359 2740 2686 2825; x_wconf 64' lang='lat' dir='ltr'><strong>divitiis-⁴</strong></span> 
     </span>
     <span class='ocr_line' id='line_1_20' title="bbox 726 2869 2685 2969; baseline -0.001 -25"><span class='ocrx_word' id='word_1_128' title='bbox 726 2876 939 2944; x_wconf 88' lang='lat' dir='ltr'><strong>etiam</strong></span> <span class='ocrx_word' id='word_1_129' title='bbox 975 2877 1166 2944; x_wconf 92' lang='lat' dir='ltr'><strong>inter</strong></span> <span class='ocrx_word' id='word_1_130' title='bbox 1213 2869 1543 2943; x_wconf 88' lang='lat' dir='ltr'><strong>homines</strong></span> <span class='ocrx_word' id='word_1_131' title='bbox 1577 2896 1730 2943; x_wconf 88' lang='lat' dir='ltr'><strong>esse</strong></span> <span class='ocrx_word' id='word_1_132' title='bbox 1760 2872 2132 2969; x_wconf 87' lang='lat' dir='ltr'><strong>aequalem</strong></span> <span class='ocrx_word' id='word_1_133' title='bbox 2164 2872 2468 2945; x_wconf 82' lang='lat' dir='ltr'><strong>velimus</strong></span> <span class='ocrx_word' id='word_1_134' title='bbox 2489 2926 2509 2963; x_wconf 89' lang='lat'><strong>,</strong></span> <span class='ocrx_word' id='word_1_135' title='bbox 2551 2895 2685 2943; x_wconf 90' lang='lat' dir='ltr'><strong>cur</strong></span> 
     </span>
     <span class='ocr_line' id='line_1_21' title="bbox 727 2989 2685 3064; baseline 0 0"><span class='ocrx_word' id='word_1_136' title='bbox 727 3016 883 3064; x_wconf 85' lang='lat' dir='ltr'><strong>eam</strong></span> <span class='ocrx_word' id='word_1_137' title='bbox 924 3006 1168 3063; x_wconf 90' lang='lat' dir='ltr'><strong>sumtu</strong></span> <span class='ocrx_word' id='word_1_138' title='bbox 1215 2989 1303 3062; x_wconf 91' lang='lat' dir='ltr'><strong>ad</strong></span> <span class='ocrx_word' id='word_1_139' title='bbox 1343 3015 1542 3062; x_wconf 86' lang='lat' dir='ltr'><strong>sacra</strong></span> <span class='ocrx_word' id='word_1_140' title='bbox 1578 2991 1825 3062; x_wconf 88' lang='lat' dir='ltr'><strong>addito</strong></span> <span class='ocrx_word' id='word_1_141' title='bbox 1861 2989 2168 3063; x_wconf 91' lang='lat' dir='ltr'><strong>deorum</strong></span> <span class='ocrx_word' id='word_1_142' title='bbox 2204 2991 2407 3064; x_wconf 85' lang='lat' dir='ltr'><strong>aditu</strong></span> <span class='ocrx_word' id='word_1_143' title='bbox 2442 3015 2685 3064; x_wconf 83' lang='lat' dir='ltr'><strong>arcea-</strong></span> 
     </span>
     <span class='ocr_line' id='line_1_22' title="bbox 720 3109 2683 3209; baseline 0.001 -28"><span class='ocrx_word' id='word_1_144' title='bbox 720 3111 933 3183; x_wconf 78' lang='lat' dir='ltr'><strong>mus?</strong></span> <span class='ocrx_word' id='word_1_145' title='bbox 1000 3115 1421 3209; x_wconf 85' lang='lat' dir='ltr'><strong>praesertim</strong></span> <span class='ocrx_word' id='word_1_146' title='bbox 1490 3135 1717 3206; x_wconf 92' lang='lat' dir='ltr'><strong>quum</strong></span> <span class='ocrx_word' id='word_1_147' title='bbox 1778 3113 1917 3208; x_wconf 88' lang='lat' dir='ltr'><strong>ipsi</strong></span> <span class='ocrx_word' id='word_1_148' title='bbox 1987 3109 2126 3183; x_wconf 85' lang='lat' dir='ltr'><strong>deo</strong></span> <span class='ocrx_word' id='word_1_149' title='bbox 2189 3110 2371 3182; x_wconf 92' lang='lat' dir='ltr'><strong>nihil</strong></span> <span class='ocrx_word' id='word_1_150' title='bbox 2416 3115 2683 3208; x_wconf 24' lang='lat' dir='ltr'><strong>,minus</strong></span> 
     </span>
     <span class='ocr_line' id='line_1_23' title="bbox 721 3227 2684 3331; baseline 0.002 -31"><span class='ocrx_word' id='word_1_151' title='bbox 721 3243 1004 3328; x_wconf 88' lang='lat' dir='ltr'><strong>gratum</strong></span> <span class='ocrx_word' id='word_1_152' title='bbox 1046 3227 1374 3299; x_wconf 90' lang='lat' dir='ltr'><strong>futurum</strong></span> <span class='ocrx_word' id='word_1_153' title='bbox 1419 3233 1551 3319; x_wconf 88' lang='lat' dir='ltr'><strong>sit,</strong></span> <span class='ocrx_word' id='word_1_154' title='bbox 1603 3253 1824 3326; x_wconf 85' lang='lat' dir='ltr'><strong>quam</strong></span> <span class='ocrx_word' id='word_1_155' title='bbox 1869 3256 2017 3302; x_wconf 90' lang='lat' dir='ltr'><strong>non</strong></span> <span class='ocrx_word' id='word_1_156' title='bbox 2058 3232 2397 3304; x_wconf 85' lang='lat' dir='ltr'><strong>omnibus</strong></span> <span class='ocrx_word' id='word_1_157' title='bbox 2433 3247 2684 3331; x_wconf 86' lang='lat' dir='ltr'><strong>patere</strong></span> 
     </span>
     <span class='ocr_line' id='line_1_24' title="bbox 720 3348 2683 3448; baseline 0.001 -26"><span class='ocrx_word' id='word_1_158' title='bbox 720 3349 811 3422; x_wconf 86' lang='lat' dir='ltr'><strong>ad</strong></span> <span class='ocrx_word' id='word_1_159' title='bbox 845 3375 919 3422; x_wconf 90' lang='lat' dir='ltr'><strong>se</strong></span> <span class='ocrx_word' id='word_1_160' title='bbox 955 3348 1382 3448; x_wconf 87' lang='lat' dir='ltr'><strong>placandum</strong></span> <span class='ocrx_word' id='word_1_161' title='bbox 1407 3365 1480 3422; x_wconf 90' lang='lat' dir='ltr'><strong>et</strong></span> <span class='ocrx_word' id='word_1_162' title='bbox 1508 3349 1894 3422; x_wconf 90' lang='lat' dir='ltr'><strong>colendum</strong></span> <span class='ocrx_word' id='word_1_163' title='bbox 1917 3355 2126 3423; x_wconf 87' lang='lat' dir='ltr'><strong>viam.</strong></span> <span class='ocrx_word' id='word_1_164' title='bbox 2189 3353 2409 3442; x_wconf 89' lang='lat' dir='ltr'><strong>Quod</strong></span> <span class='ocrx_word' id='word_1_165' title='bbox 2433 3365 2683 3424; x_wconf 88' lang='lat' dir='ltr'><strong>autem</strong></span> 
     </span>
     <span class='ocr_line' id='line_1_25' title="bbox 726 3468 2682 3570; baseline 0.001 -30"><span class='ocrx_word' id='word_1_166' title='bbox 726 3495 873 3541; x_wconf 90' lang='lat' dir='ltr'><strong>non</strong></span> <span class='ocrx_word' id='word_1_167' title='bbox 921 3468 1183 3557; x_wconf 86' lang='lat' dir='ltr'><strong>iudex,</strong></span> <span class='ocrx_word' id='word_1_168' title='bbox 1238 3468 1362 3541; x_wconf 91' lang='lat' dir='ltr'><strong>sed</strong></span> <span class='ocrx_word' id='word_1_169' title='bbox 1412 3468 1593 3542; x_wconf 89' lang='lat' dir='ltr'><strong>deus</strong></span> <span class='ocrx_word' id='word_1_170' title='bbox 1639 3474 1794 3570; x_wconf 89' lang='lat' dir='ltr'><strong>ipse</strong></span> <span class='ocrx_word' id='word_1_171' title='bbox 1855 3471 2111 3544; x_wconf 87' lang='lat' dir='ltr'><strong>vindex</strong></span> <span class='ocrx_word' id='word_1_172' title='bbox 2168 3475 2682 3562; x_wconf 85' lang='lat' dir='ltr'><strong>constituitur,</strong></span> 
     </span>
     <span class='ocr_line' id='line_1_26' title="bbox 721 3587 2678 3690; baseline 0.001 -30"><span class='ocrx_word' id='word_1_173' title='bbox 721 3592 1119 3690; x_wconf 84' lang='lat' dir='ltr'><strong>praesentis</strong></span> <span class='ocrx_word' id='word_1_174' title='bbox 1143 3613 1418 3688; x_wconf 89' lang='lat' dir='ltr'><strong>poenae</strong></span> <span class='ocrx_word' id='word_1_175' title='bbox 1444 3604 1641 3661; x_wconf 89' lang='lat' dir='ltr'><strong>metu</strong></span> <span class='ocrx_word' id='word_1_176' title='bbox 1666 3588 1915 3686; x_wconf 85' lang='lat' dir='ltr'><strong>religio</strong></span> <span class='ocrx_word' id='word_1_177' title='bbox 1939 3587 2350 3662; x_wconf 83' lang='lat' dir='ltr'><strong>confirmari</strong></span> <span class='ocrx_word' id='word_1_178' title='bbox 2374 3588 2678 3662; x_wconf 88' lang='lat' dir='ltr'><strong>videtur.</strong></span> 
     </span>
    </p>

    <p class='ocr_par' dir='ltr' id='par_1_4' title="bbox 722 3693 2679 3929">
     <span class='ocr_line' id='line_1_27' title="bbox 817 3693 2677 3808; baseline 0 -26"><span class='ocrx_word' id='word_1_179' title='bbox 817 3716 1144 3808; x_wconf 88' lang='lat' dir='ltr'><strong>Suosque</strong></span> <span class='ocrx_word' id='word_1_180' title='bbox 1175 3708 1350 3783; x_wconf 91' lang='lat' dir='ltr'><strong>deos</strong></span> <span class='ocrx_word' id='word_1_181' title='bbox 1369 3763 1388 3800; x_wconf 89' lang='lat'>‚</span> <span class='ocrx_word' id='word_1_182' title='bbox 1429 3724 1553 3782; x_wconf 84' lang='lat' dir='ltr'><strong>aut</strong></span> <span class='ocrx_word' id='word_1_183' title='bbox 1583 3734 1808 3781; x_wconf 87' lang='lat' dir='ltr'><strong>novos</strong></span> <span class='ocrx_word' id='word_1_184' title='bbox 1828 3763 1848 3800; x_wconf 88' lang='lat'><strong>,</strong></span> <span class='ocrx_word' id='word_1_185' title='bbox 1882 3693 2465 3807; x_wconf 43' lang='lat' dir='ltr'><strong>aut&#39;alienigenas</strong></span> <span class='ocrx_word' id='word_1_186' title='bbox 2494 3711 2677 3802; x_wconf 85' lang='lat' dir='ltr'><strong>coli,</strong></span> 
     </span>
     <span class='ocr_line' id='line_1_28' title="bbox 722 3828 2679 3929; baseline 0.001 -27"><span class='ocrx_word' id='word_1_187' title='bbox 722 3828 1223 3903; x_wconf 89' lang='lat' dir='ltr'><strong>confusionem</strong></span> <span class='ocrx_word' id='word_1_188' title='bbox 1273 3829 1495 3904; x_wconf 87' lang='lat' dir='ltr'><strong>habet</strong></span> <span class='ocrx_word' id='word_1_189' title='bbox 1544 3831 1971 3929; x_wconf 86' lang='lat' dir='ltr'><strong>religionum</strong></span> <span class='ocrx_word' id='word_1_190' title='bbox 1995 3883 2015 3922; x_wconf 89' lang='lat'>‚</span> <span class='ocrx_word' id='word_1_191' title='bbox 2071 3845 2145 3903; x_wconf 87' lang='lat' dir='ltr'><strong>et</strong></span> <span class='ocrx_word' id='word_1_192' title='bbox 2183 3834 2459 3929; x_wconf 85' lang='lat' dir='ltr'><strong>ignotas</strong></span> <span class='ocrx_word' id='word_1_193' title='bbox 2499 3836 2679 3904; x_wconf 89' lang='lat' dir='ltr'><strong>ceri-</strong></span> 
     </span>
    </p>
   </div>
   <div class='ocr_carea' id='block_1_3' title="bbox 700 4142 2688 4296">
    <p class='ocr_par' dir='ltr' id='par_1_5' title="bbox 700 4142 2688 4296">
     <span class='ocr_line' id='line_1_29' title="bbox 778 4142 2688 4214; baseline 0.001 -20"><span class='ocrx_word' id='word_1_194' title='bbox 778 4145 798 4181; x_wconf 89' lang='lat'><strong>¹</strong></span> <span class='ocrx_word' id='word_1_195' title='bbox 834 4144 1054 4211; x_wconf 86' lang='lat' dir='ltr'><strong>corpori.</strong></span> <span class='ocrx_word' id='word_1_196' title='bbox 1110 4146 1132 4180; x_wconf 81' lang='lat'><em>²</em></span> <span class='ocrx_word' id='word_1_197' title='bbox 1162 4159 1487 4198; x_wconf 75' lang='lat' dir='ltr'><strong>evanescere.</strong></span> <span class='ocrx_word' id='word_1_198' title='bbox 1544 4148 1567 4183; x_wconf 81' lang='lat'>⁸</span> <span class='ocrx_word' id='word_1_199' title='bbox 1597 4144 1923 4214; x_wconf 67' lang='lat' dir='ltr'><strong>probitatem.</strong></span> <span class='ocrx_word' id='word_1_200' title='bbox 1979 4147 2002 4183; x_wconf 59' lang='grc' dir='ltr'>δ</span> <span class='ocrx_word' id='word_1_201' title='bbox 2032 4142 2160 4213; x_wconf 89' lang='lat' dir='ltr'><strong>quid</strong></span> <span class='ocrx_word' id='word_1_202' title='bbox 2193 4153 2269 4196; x_wconf 72' lang='lat' dir='ltr'><strong>est</strong></span> <span class='ocrx_word' id='word_1_203' title='bbox 2299 4142 2441 4195; x_wconf 81' lang='lat' dir='ltr'><strong>enim</strong></span> <span class='ocrx_word' id='word_1_204' title='bbox 2461 4177 2480 4208; x_wconf 81' lang='lat'>‚</span> <span class='ocrx_word' id='word_1_205' title='bbox 2516 4159 2688 4212; x_wconf 82' lang='lat' dir='ltr'><strong>quum</strong></span> 
     </span>
     <span class='ocr_line' id='line_1_30' title="bbox 700 4226 1304 4296; baseline 0 -19"><span class='ocrx_word' id='word_1_206' title='bbox 700 4236 1050 4296; x_wconf 73' lang='lat' dir='ltr'><strong>paupertatem</strong></span> <span class='ocrx_word' id='word_1_207' title='bbox 1088 4226 1304 4277; x_wconf 74' lang='lat' dir='ltr'><strong>divitiis.</strong></span> 
     </span>
    </p>
   </div>
  </div>
 </body>
</html>
