3131 5032
688 405 819 469 384
1235 354 1241 361 ⁵
1370 399 1512 467 Lm.
1557 396 1627 481 1,
1685 398 1795 482 13,
1846 399 1953 464 ss.

684 611 959 671 delentis.
1009 640 1091 655 —-
1137 607 1299 681 Mox,
1357 604 1523 685 quod
1587 605 1825 683 Lagom.
1887 602 1962 664 10
2021 602 2194 665 affert
2246 607 2441 684 possit
2455 650 2474 681 ,
2536 625 2646 684 pro

674 724 873 793 posset
889 758 906 788 ,
964 711 1137 771 nullo
1199 708 1378 769 modo
1439 707 1819 788 probandum
1885 706 1953 766 in
2013 706 2131 766 hac
2192 707 2646 770 continuatione

684 823 1051 890 structurae,
1110 833 1266 894 quae
1315 833 1350 873 a
1399 812 1693 871 duxerunt
1738 814 1996 889 pendet:
2057 817 2117 869 et
2170 809 2248 870 de
2296 811 2647 891 Imperfecti

685 919 999 979 Coniunct.
1060 938 1173 976 usu
1230 916 1295 975 in
1354 913 1846 995 philosophorum
1907 913 2143 993 placitis
2207 916 2642 991 memorandis,

687 1021 859 1080 utilia
892 1021 1131 1080 monuit
1164 1018 1490 1096 Madvigius
1526 1017 1601 1078 ad
1640 1017 1767 1076 Fin.
1801 1017 1930 1092 111,
1970 1015 2052 1076 20
2070 1061 2088 1092 ,
2131 1018 2230 1079 67.
2272 1039 2332 1099 p.
2368 1019 2505 1081 463.

763 1123 806 1206 §
845 1121 944 1184 38.
1026 1123 1120 1182 his
1160 1119 1453 1200 omnibus)
1531 1121 1604 1181 Et
1631 1121 1768 1196 hic,
1810 1129 1870 1180 et
1899 1139 2074 1195 mox,
2113 1122 2221 1180 ubi
2249 1123 2399 1183 haec
2429 1124 2643 1184 iteran-

686 1236 786 1285 tur
805 1272 824 1301 ,
881 1224 1094 1304 optimi
1146 1224 1289 1283 libri
1337 1223 1563 1283 habent
1618 1225 1701 1283 iis
1742 1221 1847 1305 (is)
1858 1247 1887 1293 ;
1927 1244 2267 1304 perperam:
2311 1225 2647 1306 eademque

686 1330 940 1389 varietas
989 1335 1077 1387 est
1129 1326 1258 1387 Fin.
1313 1326 1405 1402 11,
1472 1326 1583 1403 11,
1645 1325 1743 1387 34.
1826 1328 1951 1388 Hic
1991 1348 2263 1407 pronom.
2296 1329 2544 1407 ponitur
2579 1330 2646 1390 in

687 1453 759 1492 eo
776 1477 793 1507 ,
840 1431 1005 1510 quod
1056 1431 1178 1490 iam
1227 1428 1562 1490 indicatum
1622 1437 1728 1489 est.
1807 1429 2126 1509 Propterea
2166 1452 2288 1493 non
2318 1432 2437 1491 nisi
2468 1433 2648 1513 plene

686 1543 824 1594 ante
866 1533 1018 1594 haec
1063 1531 1616 1611 interpungendum
1649 1531 1866 1593 suerat.
1900 1566 1981 1577 -
2011 1534 2144 1595 Mox
2175 1537 2541 1614 optimorum
2573 1536 2647 1595 li-

685 1638 937 1697 brorum
991 1638 1288 1695 mansuris
1331 1655 1443 1715 pro
1488 1647 1860 1711 manserunt,
1903 1636 2199 1697 indicium
2237 1648 2326 1699 est
2356 1639 2494 1699 illos
2525 1639 2646 1700 iam

686 1760 762 1799 ex
801 1740 981 1801 sciola
1020 1740 1389 1800 correctione
1423 1738 1695 1798 fluxisse:
1742 1747 2028 1820 tantoque
2062 1742 2304 1802 maioris
2333 1741 2647 1802 faciendus

686 1851 772 1903 est
822 1843 899 1918 E,
941 1844 1084 1922 qui,
1124 1861 1494 1922 quamquam
1537 1843 1791 1921 scriptus
1843 1850 1930 1901 est
1978 1844 2055 1904 ab
2097 1843 2340 1905 indocto
2370 1844 2646 1920 homine,

690 1954 891 2006 tamen
924 1966 1098 2025 saepe
1135 1947 1371 2023 integer
1403 1954 1608 2004 manet
1640 1965 1673 2005 a
1712 1946 1930 2006 talibus
1958 1948 2448 2009 correctionibus·

768 2060 1149 2130 congruentes
1178 2070 1237 2108 re
1248 2094 1267 2123 ,
1292 2068 1502 2130 genere
1530 2049 1779 2108 docendi
1797 2051 2050 2129 paulum
2077 2050 2433 2131 differentes)
2484 2050 2648 2110 Hanc

687 2152 971 2212 Antiochi
1001 2171 1124 2212 esse
1158 2151 1543 2227 sententiam,
1571 2170 1692 2230 qua
1723 2172 1960 2231 semper
1988 2162 2193 2215 utatur
2214 2156 2446 2231 Cicero,
2488 2155 2647 2214 hene

685 2256 921 2316 monuit
978 2254 1307 2333 Madvigius
1355 2254 1433 2312 ad
1481 2254 1613 2317 Fin.
1665 2254 1778 2331 IV,
1820 2257 1890 2331 2,
1933 2259 1989 2317 5.
2032 2278 2092 2336 p.
2134 2258 2272 2319 491.
2312 2291 2394 2303 —
2447 2259 2646 2318 Genus

685 2358 935 2419 docendi
970 2377 1135 2417 nunc
1176 2357 1418 2437 proprie
1450 2356 1689 2435 {dicitur
1705 2403 1724 2434 ,
1765 2378 1888 2419 non
1920 2379 1994 2420 eo
2034 2360 2215 2421 modo
2255 2380 2438 2441 quem
2468 2377 2648 2439 supra

686 2461 764 2523 ad
805 2461 944 2540 Cap.
976 2463 1047 2529 5,
1099 2460 1207 2536 16,
1247 2459 1532 2540 explicui.

765 2567 938 2626 rebus
965 2586 1085 2624 non
1120 2567 1489 2624 commutatis
1522 2567 1980 2626 immutaverunt
2005 2566 2315 2648 vocabula)
2393 2567 2467 2628 In
2502 2586 2648 2627 non·

688 2669 876 2728 nullis
909 2676 996 2728 est
1026 2689 1099 2727 esc
1133 2668 1327 2726 rebus:
1371 2667 1477 2726 sed
1502 2668 1819 2729 manifesto
1850 2669 2002 2730 haec
2029 2672 2338 2750 corruptio
2364 2678 2451 2730 est
2479 2668 2649 2729 verbi

691 2783 793 2832 est.
873 2771 1023 2830 Tum
1077 2769 1215 2829 satis
1265 2769 1437 2830 firma
1487 2778 1574 2830 est
1610 2771 1792 2832 lectio
1826 2776 2198 2834 commutatis
2232 2773 2414 2856 (quae
2451 2772 2549 2832 vel
2585 2772 2652 2831 in

691 2881 975 2953 corrupto
1025 2875 1474 2933 communicatis
1512 2873 1684 2954 latet)
1731 2896 1844 2935 usu
1877 2878 2184 2938 sermonis.
2264 2877 2350 2936 De
2382 2879 2651 2936 immuta·

693 2988 899 3037 verunt
947 2977 1158 3055 quaeri
1214 2984 1440 3055 potest,
1498 2996 1610 3054 pro
1661 2997 1784 3057 quo
1837 2978 2105 3040 Davisius
2138 2981 2327 3040 trium
2356 2980 2653 3040 librorum

692 3079 1045 3140 auctoritate
1092 3090 1588 3139 commutaverunt
1627 3080 1864 3160 legebat
1895 3080 2045 3164 (non
2080 3095 2542 3159 commutarunt,
2584 3090 2654 3141 ut

694 3190 986 3243 memorat
1004 3182 1408 3264 Goerenzius.)
1465 3181 1579 3242 Sed
1610 3202 1734 3262 quo
1756 3183 1937 3245 modo
1963 3184 2249 3246 defendat
2265 3186 2651 3260 Goerenzius,

693 3288 1001 3346 immutare
1029 3305 1152 3344 esse
1179 3297 1362 3345 totum
1374 3330 1391 3360 ,
1425 3288 1667 3364 penitus
1697 3298 1949 3357 mutare,
1982 3288 2172 3371 (quod
2198 3296 2359 3349 certe
2382 3288 2654 3347 alienum

695 3398 784 3449 est
819 3388 894 3448 ab
923 3388 1057 3448 loco
1090 3387 1167 3446 ad
1184 3387 1315 3448 niv.
1350 3386 1431 3464 V,
1477 3387 1552 3464 8,
1594 3389 1668 3464 3,
1710 3387 1893 3470 Cort.)
1929 3399 2034 3451 aut
2068 3412 2190 3471 quo
2219 3390 2398 3451 modo
2423 3391 2541 3451 hoc
2573 3389 2652 3449 de

696 3491 945 3551 Zenonis
988 3489 1408 3568 terminologia
1463 3491 1660 3551 valeat
1677 3537 1694 3567 ,
1735 3512 1859 3553 non
1905 3512 2199 3572 assequor.
2280 3493 2338 3552 Si
2369 3513 2526 3573 quae
2563 3492 2656 3552 vis

695 3594 1016 3675 peculiaris
1048 3593 1191 3653 insit
1223 3594 1291 3653 in
1325 3596 1681 3674 composito,
1722 3605 1872 3676 puto
1905 3597 2102 3676 potius
2130 3618 2254 3657 esse
2284 3598 2658 3678 aliquantum

697 3707 951 3757 mutare.-
993 3715 1106 3755 nec
1143 3705 1343 3757 tamen
1375 3704 1695 3777 propterea
1728 3700 1812 3759 sic
1849 3699 2274 3778 corrigendum
2309 3708 2396 3761 est
2423 3700 2554 3761 Fin.
2579 3699 2655 3777 V,

697 3800 779 3860 29
799 3845 816 3873 ,
858 3798 937 3860 88
956 3845 973 3875 ‚
1014 3797 1116 3880 (de
1152 3800 1414 3876 Zenone,
1455 3801 1760 3861 vocabulis
1784 3823 1977 3861 rerum
2004 3805 2278 3878 mutatis,
2318 3803 2428 3862 ubi
2455 3811 2656 3862 tamen

698 3901 855 3964 Gud.
891 3909 1149 3982 uterque
1176 3902 1482 3983 imitatis.)
1567 3905 1928 3975 Commutaro
1952 3914 2016 3966 et
2044 3907 2419 3966 commutatio
2447 3903 2658 3965 dicun·

703 4016 802 4066 tur
845 4006 959 4065 hac
1009 4007 1072 4066 in
1108 4026 1177 4065 re
1211 4005 1394 4068 Acad.
1432 4007 1490 4083 1,
1538 4005 1645 4085 10,
1685 4007 1786 4068 37.
1832 4007 1936 4084 11,
1980 4009 2079 4069 42.
2114 4042 2196 4054 -
2226 4006 2392 4084 Mox,
2437 4008 2503 4067 in
2534 4010 2656 4066 iam

702 4120 894 4167 tamen
945 4116 1007 4166 et
1054 4109 1270 4169 melior
1324 4118 1385 4169 et
1437 4110 1627 4171 maior
1677 4129 1814 4188 pars
1858 4111 2155 4171 librorum
2189 4111 2510 4189 conspirat:
2550 4110 2657 4171 sed
