3131 5032
1201 453 1341 521 Lln.
1389 453 1456 537 Ι,
1519 455 1581 537 l,
1629 456 1691 519 2.
2297 456 2424 524 269

468 664 655 746 petito
687 683 763 723 ex
798 662 1012 722 Salust.
1056 660 1335 740 Iugurth.
1373 660 1533 736 xlv,
1586 660 1689 721 10:
1730 680 1916 740 quem
1952 681 2093 723 sana
2126 663 2428 743 interpre-

471 769 617 830 tatio
666 764 882 827 Kritzii
934 764 1189 826 refutat:
1244 771 1333 825 est
1382 764 1547 824 enim
1580 784 1691 844 pro
1727 767 1854 825 nisi
1884 768 2040 843 soree
2074 779 2200 827 erat
2230 788 2398 846 quem
2410 792 2431 825 .-

470 869 984 952 quemadmodum
1032 867 1402 948 respondebis
1452 867 1800 928 iterandum
1856 869 1921 927 in
1974 867 2140 929 Verr.
2194 868 2241 926 V
2258 916 2276 946 ‚
2323 869 2396 930 18
2416 916 2435 946 ,

477 974 585 1051 45,
637 974 771 1034 init.
828 972 976 1032 Nisi
1025 990 1160 1030 vero
1209 969 1423 1030 eodem
1454 969 1636 1031 modo
1665 972 1915 1050 ponitur
1944 991 2056 1051 pro
2088 971 2280 1033 Flacc.
2324 974 2434 1049 15,

473 1077 585 1139 36:
627 1084 759 1135 tum
786 1076 986 1155 ipsum
1032 1075 1193 1149 nisi,
1234 1071 1314 1133 de
1345 1092 1471 1152 quo
1504 1072 1699 1134 Beier.
1737 1073 1814 1133 ad
1847 1073 2058 1153 fragm.
2096 1095 2207 1153 pro
2239 1076 2437 1136 Tullio

475 1200 536 1259 p.
572 1179 687 1254 44,
726 1179 770 1238 h
787 1223 804 1254 ,
845 1177 1022 1238 ouius
1055 1174 1303 1236 rationis
1334 1176 1681 1255 exemplum
1707 1185 1795 1236 est
1823 1177 1887 1235 in
1909 1197 2038 1239 var.
2067 1179 2205 1240 lect.
2235 1178 2435 1240 Plane.

474 1283 591 1358 29,
633 1281 734 1343 71.
769 1315 851 1326 —
885 1280 1223 1356 Postremo,
1262 1278 1422 1339 nihil
1474 1280 1654 1341 video
1700 1300 1815 1340 cur
1862 1280 2045 1368 unius
2082 1280 2226 1341 libri
2259 1282 2440 1342 lectio

470 1396 745 1467 poterunt
776 1384 1152 1463 praeferatur
1164 1407 1182 1464 3
1227 1382 1526 1464 siquidem
1561 1384 1750 1463 magis
1781 1383 1861 1443 de
1888 1384 2127 1463 ingenti
2158 1387 2444 1465 temporis

480 1490 598 1550 iam
631 1488 778 1548 inde
812 1508 847 1548 a
885 1487 1148 1549 Minerva
1179 1487 1490 1567 praeteriti
1521 1487 1869 1564 intervallo,
1907 1508 2094 1568 quam
2121 1489 2200 1549 de
2232 1488 2442 1550 futuro

481 1590 867 1670 cogitandum
912 1598 1020 1653 est.

560 1707 666 1755 cut
695 1728 775 1740 —
806 1694 979 1754 hodie
1011 1705 1337 1754 monstrant
1366 1691 1651 1775 eamdem)
1729 1694 1863 1754 Non
1894 1693 2227 1754 absolvitur
2254 1697 2445 1755 altera

481 1819 615 1878 pars
646 1797 876 1859 ironiae
915 1798 1130 1859 eodem
1165 1796 1348 1857 modo
1364 1842 1383 1872 ,
1423 1816 1548 1876 quo
1582 1798 1778 1875 prior,
1818 1795 1997 1856 sicuti
2031 1796 2098 1856 fit
2130 1796 2333 1859 Milon.
2367 1798 2410 1860 7
2426 1842 2449 1876 ‚

483 1902 589 1964 17:
631 1901 740 1962 sed
787 1909 990 1962 tamen
1032 1901 1106 1960 ad
1159 1899 1443 1960 eumdem
1470 1899 1720 1961 modum
1756 1899 2125 1980 explendum
2158 1910 2247 1961 est
2279 1902 2448 1980 eogi-

481 1996 720 2082 tandoj
754 2016 861 2065 aut
880 2050 897 2080 ‚
954 2006 1083 2063 nisi
1116 2006 1285 2084 forte
1345 2003 1517 2062 hodie
1575 1993 1903 2063 monstruni
1951 2004 2227 2066 eamdem.
2325 2004 2448 2065 Hoc

484 2108 681 2186 ipsum
716 2118 1043 2167 monstrant
1069 2106 1328 2167 eamdem
1352 2114 1439 2166 est
1454 2151 1473 2183 ,
1505 2113 1838 2166 monstrant
1865 2125 1937 2165 ac
1962 2105 2012 2166 si
2037 2107 2249 2167 eadem
2279 2115 2455 2168 essete

480 2211 576 2272 sio
618 2209 779 2271 infra
823 2229 954 2289 cap.
1009 2208 1088 2270 10
1104 2255 1124 2285 ,
1164 2208 1280 2270 30:
1322 2209 1594 2270 semibue
1625 2210 1825 2269 eadem
1861 2212 2062 2270 omnia
2089 2211 2448 2291 comprehen-

480 2314 732 2391 duntur,
789 2333 915 2373 non
970 2313 1037 2372 in
1090 2312 1327 2373 obiecto
1371 2312 1620 2391 ponitur
1668 2313 1867 2372 eadem
1883 2356 1903 2386 ,
1954 2313 2060 2371 sed
2090 2311 2158 2372 in
2189 2320 2411 2374 eventu
2431 2360 2449 2390 ,

483 2437 594 2495 pro
605 2462 625 2493 ,
675 2416 879 2477 omnia
929 2415 1012 2476 ita
1069 2413 1675 2495 comprehenduntur
1720 2422 1791 2474 ut
1824 2413 2036 2474 eadem
2074 2416 2451 2495 singulorum

483 2520 750 2581 sensibus
801 2520 1142 2581 videantur.
1194 2552 1277 2564 —
1327 2516 1592 2578 Turnebi
1638 2526 1701 2577 et
1742 2516 1963 2578 Davisii
2005 2521 2416 2582 coniecturam
2433 2568 2452 2597 ,

481 2642 659 2703 quam
711 2622 1063 2683 Homericus
1081 2665 1100 2695 ,
1158 2620 1297 2680 ideo
1351 2618 1808 2699 improbandam
1859 2639 2112 2697 censeo,
2163 2623 2453 2701 quoniam

482 2724 552 2784 in
586 2731 707 2785 tota
747 2723 864 2784 hac
906 2722 1311 2803 disputatione
1352 2741 1553 2802 neque
1580 2741 1874 2802 quercum
1902 2723 2072 2783 illam
2104 2724 2455 2803 Marianam,

483 2846 601 2889 nec
650 2823 951 2887 lineme
1016 2827 1248 2901 oleam,
1308 2844 1424 2885 neo
1490 2826 1677 2885 Ulixis
1748 2826 2010 2905 palmam
2071 2848 2216 2889 vere
2275 2830 2457 2890 fuisse

482 2927 845 2990 conceditur
858 2974 878 3004 ,
952 2927 1058 2988 sed
1127 2927 1529 2989 excusandam
1596 2948 1720 2988 esse
1781 2927 2009 2988 dicitur
2067 2930 2455 3008 religionem,

485 3049 679 3113 qnae,
735 3031 901 3111 quod
949 3031 1292 3111 antiquitus
1335 3030 1517 3091 fuisse
1559 3030 1668 3091 illa
1703 3031 1946 3092 traditio
1980 3032 2202 3109 ferret,
2245 3033 2457 3095 eadem

484 3155 652 3196 nunc
687 3136 872 3197 etiam
906 3141 1273 3212 agnosceret.

570 3237 771 3297 Ulixes
821 3269 901 3280 —
944 3236 1166 3294 vidisse
1218 3232 1394 3316 dicit)
1471 3236 1604 3296 Non
1648 3244 1884 3297 tantum
1930 3238 2217 3317 Stephani
2265 3239 2421 3300 Edit.
2440 3287 2458 3316 ,

485 3338 589 3401 sed
638 3338 922 3400 nonnulli
976 3337 1056 3398 de
1103 3339 1254 3398 mein
1295 3338 1466 3399 libris
1498 3339 1585 3400 sic
1619 3340 1845 3401 habent
1862 3387 1881 3417 ,
1922 3343 2174 3422 reliquis
2202 3344 2270 3403 in
2302 3345 2462 3404 dixit

486 3442 984 3523 conspirantibus.
1060 3442 1225 3516 Quae
1259 3441 1338 3501 ad
1364 3449 1681 3522 poetarum
1710 3453 1818 3505 aut
1851 3445 2210 3525 scriptorum
2240 3447 2459 3508 inven-

490 3548 719 3609 tionem
745 3554 811 3608 et
843 3544 1264 3607 auctoritatem
1286 3547 1624 3626 pertinent,
1667 3548 1930 3626 ipsorum
1960 3551 2230 3611 oratione
2262 3552 2461 3611 consi-

497 3656 740 3728 gnatam
790 3648 1142 3730 editamque
1157 3697 1177 3727 ,
1205 3669 1291 3714 ,ea
1306 3695 1327 3727 ,
1366 3670 1560 3730 quum
1605 3652 1956 3730 praesertim
1987 3653 2199 3714 iisdem
2234 3674 2459 3716 monu-

495 3751 716 3812 mentis
740 3752 926 3813 hodie
950 3753 1136 3813 etiam
1163 3753 1429 3829 utimur,
1453 3752 1547 3812 illi
1571 3754 1792 3830 dicere,
1823 3775 1949 3816 non
1977 3756 2199 3817 dixisse
2225 3777 2260 3817 a
2291 3759 2463 3818 nobis

301 3927 314 3938 ·
419 3847 429 3857 ’
493 3854 803 3916 dicuntur.
902 3855 996 3916 Ita
1048 3876 1188 3916 mox
1240 3855 1475 3917 Atticus
1526 3856 1605 3917 ad
1648 3856 1911 3918 Marcum
1944 3870 2011 3918 ut
2049 3861 2265 3919 acribia
2279 3905 2298 3935 ,
2338 3880 2461 3920 non

490 3970 563 4019 ut
612 3960 944 4040 empeieti:
1001 3959 1081 4019 de
1129 3959 1410 4036 Platone,
1450 3979 1582 4046 cap.
1624 3963 1697 4036 5,
1743 3960 1854 4037 15,
1894 3962 2206 4036 describit,
2247 3969 2310 4022 et
2344 3964 2460 4022 dis-

481 4073 679 4143 putat.
722 4062 892 4124 Cous.
930 4062 1095 4123 Orat.
1127 4061 1255 4139 111,
1302 4063 1414 4139 15,
1455 4064 1535 4125 57
1552 4109 1571 4139 ‚
1612 4063 1715 4125 fin.
1752 4064 1865 4140 32,
1911 4064 2028 4125 129
2062 4065 2196 4146 (ubi
2223 4065 2290 4125 in
2318 4066 2458 4127 Cod.

485 4166 655 4229 Leid.
701 4187 793 4245 pr.
829 4187 913 4228 m.
950 4175 1079 4228 erat
1112 4166 1523 4248 profitebatur)
1554 4168 1679 4230 rin.
1723 4171 1787 4244 1,
1834 4169 1937 4244 19,
1979 4169 2095 4244 63,
2137 4177 2462 4249 utramque
