3131 5032
714 479 845 545 354
1426 472 1565 538 Lm.
1615 472 1679 557 1,
1727 476 1802 557 9,
1853 475 1958 540 27.

720 682 977 742 tissimus
1022 698 1228 740 rursus
1280 678 1503 740 deserit
1542 678 1851 739 Bromium
1886 680 1951 738 in
1997 677 2125 740 rin.
2158 678 2306 740 ibid.
2342 679 2384 739 9
2402 725 2421 755 ,
2461 678 2574 740 24:
2616 685 2681 739 et

718 793 883 845 recte
899 830 917 859 ,
971 801 1336 862 omnemque
1383 783 1552 843 illam
1608 791 1918 862 syntaxeos
1968 782 2168 862 legem
2215 782 2415 861 attigit
2459 781 2538 842 ad
2565 781 2646 841 lv
2663 827 2682 857 ,

718 888 826 963 24,
867 887 980 963 67,
1016 907 1092 947 ex
1120 906 1241 964 qua
1267 886 1557 962 pendenti
1595 885 2023 964 interrogativo
2060 883 2154 966 (ut
2181 882 2685 965 quemadmodum)

722 990 1156 1052 Coniunctivus
1181 987 1594 1048 subiiciendus
1627 995 1715 1047 est
1729 1032 1747 1061 ‚
1789 987 1913 1046 sive
1947 994 2111 1046 certa
2145 1005 2217 1045 ea
2251 1006 2346 1046 res
2380 988 2455 1045 sit
2471 1032 2490 1062 ‚
2530 1006 2688 1066 quae

721 1093 959 1153 dicatur
974 1138 991 1168 ‚
1020 1094 1146 1152 sive
1170 1091 1417 1151 incerta.
1500 1090 1683 1168 Magis
1707 1090 2018 1169 apparebit
2045 1089 2195 1163 hoc,
2235 1090 2286 1148 ιί
2311 1089 2687 1148 animadver-

722 1198 872 1256 titur
914 1196 980 1255 in
1011 1194 1316 1275 pendente
1350 1193 1645 1253 sententia
1684 1191 2025 1252 subiectum
2053 1200 2115 1252 et
2143 1191 2557 1271 praedicatum
2587 1190 2687 1250 di-

722 1320 892 1360 versa
944 1319 1068 1359 esse
1105 1320 1140 1359 a
1177 1298 1447 1358 subiecto
1491 1305 1554 1356 et
1594 1296 1938 1375 praedicato
1966 1297 2292 1376 primariae
2322 1296 2651 1356 sententiae
2665 1340 2687 1371 ,

722 1404 930 1481 itaque
962 1402 1442 1482 quemadmodum
1481 1401 1606 1460 non
1641 1415 1765 1460 esse
1807 1400 2170 1477 relativum,
2207 1399 2315 1459 aed
2348 1400 2688 1479 interregn-

721 1507 942 1566 tivum:
1005 1524 1155 1581 nec,
1212 1525 1404 1583 quum
1459 1511 1623 1563 recte
1667 1503 1904 1563 dicatur
1937 1504 2038 1565 hic
2071 1505 2366 1583 loquitur,
2406 1503 2686 1584 quenad-

723 1610 960 1669 modum
1007 1605 1123 1689 (ut)
1171 1607 1273 1667 ille
1328 1608 1623 1686 loquitur,
1682 1607 1922 1686 probari
1975 1626 2143 1686 posse
2178 1608 2340 1667 oculi
2373 1595 2697 1687 leffium

722 1707 1049 1795 (indicant)
1097 1709 1578 1790 quemadmodum
1628 1707 1744 1790 (ue)
1795 1727 1903 1767 noa
1958 1710 2162 1789 affecti
2190 1728 2411 1769 sumus.
2494 1707 2688 1787 Igitur

723 1813 1089 1875 deserendus
1149 1821 1237 1872 est
1294 1812 1648 1872 Garatonius
1698 1809 1776 1869 ad
1831 1810 2031 1870 Milon.
2090 1808 2185 1872 18.
2261 1812 2392 1871 init.
2410 1857 2428 1887 ‚
2487 1829 2689 1890 neque

722 1916 982 1976 editores
1009 1915 1312 1995 opprimet
1338 1933 1663 1993 permagna
1694 1907 2024 1973 multitudo
2048 1914 2350 1990 locorum,
2380 1914 2446 1973 in
2470 1914 2693 1994 quibus

722 2018 1007 2078 remansit
1031 2017 1320 2076 facillime
1347 2016 1740 2095 explicandus
1766 2011 2099 2076 scribarum
2133 2018 2351 2096 lapsus.
2432 2018 2688 2078 Goeren-

725 2121 852 2180 zius
882 2121 1008 2199 ipse
1019 2165 1037 2194 ,
1079 2135 1272 2197 quum
1299 2117 1575 2178 defendit
1613 2117 2021 2179 Indicativum
2039 2165 2056 2195 ,
2087 2127 2291 2180 tamen
2309 2166 2327 2195 ‚
2361 2121 2690 2181 sententiae

721 2223 1115 2303 paraphrasin
1154 2223 1525 2300 excogitans,
1567 2240 1688 2301 qua
1726 2221 1843 2283 hoo
1878 2222 2207 2302 explicaret
2222 2270 2240 2299 ‚
2294 2223 2689 2284 Coniunctivo

724 2328 939 2387 utitur.
1022 2325 1348 2386 Peculiaris
1397 2325 1550 2385 ratio
1605 2345 1728 2385 esee
1782 2325 2025 2387 videtur
2057 2326 2177 2387 loci
2225 2327 2384 2388 Lael.
2422 2327 2534 2405 25,
2578 2326 2687 2387 96:

723 2443 897 2511 atque
948 2441 1016 2490 ut
1068 2430 1149 2489 ad
1200 2451 1288 2488 me
1338 2429 1601 2488 redeam.-
1655 2432 2009 2490 meminiatis
2027 2477 2045 2506 ,
2103 2431 2169 2513 Q.
2210 2431 2474 2490 Maximo
2493 2433 2690 2513 fratre

724 2535 1034 2616 Scipionis
1057 2545 1113 2593 et
1144 2534 1216 2594 L.
1252 2535 1534 2595 Mancino
1561 2531 1929 2609 consulibus,
1959 2556 2136 2615 quam
2154 2536 2469 2616 popularis
2501 2536 2596 2594 les
2620 2535 2690 2600 de

718 2638 1066 2698 sacerdotiis
1123 2637 1188 2697 C.
1240 2636 1483 2696 Licinii
1530 2637 1732 2697 Crassi
1767 2638 2102 2698 videbatur.-
2161 2632 2320 2698 nihil
2353 2637 2693 2717 pertinebat

725 2740 805 2801 ad
857 2740 1025 2800 istius
1077 2740 1229 2817 legis
1259 2741 1759 2800 existimationem
1795 2736 1994 2801 illisne
2012 2788 2030 2817 ,
2072 2762 2147 2801 an
2184 2743 2316 2802 aliis
2350 2742 2695 2802 consulibus

723 2845 846 2903 lata
896 2842 1132 2903 fuisset:
1192 2841 1297 2902 sed
1346 2850 1541 2902 totum
1598 2843 1715 2903 hoc
1731 2890 1749 2919 ,
1809 2846 2163 2905 meministis
2206 2879 2287 2890 —
2320 2847 2690 2920 consulibus,

724 2946 1134 3025 interponitur
1193 2952 1360 3006 extra
1413 2946 1962 3024 constructionem,
2036 2950 2322 3028 temporis
2385 2949 2694 3010 indicandi

727 3058 790 3112 et
838 3051 904 3109 in
961 3049 1316 3113 memoriam
1359 3049 1688 3110 revocandi
1722 3070 1926 3135 cauam
1974 3052 2178 3131 itaque
2216 3075 2393 3133 quam
2424 3087 2504 3100 —
2537 3055 2693 3114 vide-

726 3155 934 3216 bam!
974 3174 1086 3233 per
1136 3166 1198 3213 se‘
1245 3152 1573 3229 dicuntur,
1606 3138 1730 3214 fleo
1758 3140 1853 3217 δὲ
1850 3140 1987 3241 illo
2021 3158 2375 3217 meminietis
2408 3158 2692 3237 pendent.

726 3259 801 3318 Et
851 3258 971 3334 aio,
1029 3257 1278 3332 credo,
1308 3244 1618 3385 Ζιιιιιριίιιι
1664 3266 1913 3389 φὺφό
1967 3258 2201 3338 accepit
2256 3260 2334 3320 ad
2380 3259 2546 3320 Verr.
2592 3258 2694 3335 11,

729 3358 829 3422 53.
869 3362 1005 3420 init.

810 3465 919 3544 qui
950 3462 1376 3543 appellatur—
1410 3463 1519 3540 qui
1548 3492 1632 3505 —
1653 3454 1893 3553 1²0!ch
1955 3462 2195 3523 Utiliter
2236 3464 2461 3544 duplex
2495 3463 2694 3524 relati·

730 3582 879 3627 vum
933 3565 1114 3625 unius
1165 3565 1418 3624 subiecti
1475 3564 1899 3625 animadvertit
1964 3566 2224 3627 Orellius
2275 3567 2354 3628 ad
2419 3568 2586 3629 Τιιιο.
2645 3568 2696 3629 l.

731 3668 774 3752 §
828 3669 945 3746 61,
1003 3668 1161 3728 sicut
1207 3667 1434 3729 fecerat
1483 3669 1560 3728 ad
1610 3669 1749 3748 Top.
1802 3668 1847 3751 §
1899 3670 1959 3730 6.
2007 3670 2071 3729 in
2119 3670 2392 3733 Analect.
2433 3672 2563 3734 Vol.
2598 3672 2695 3733 IV.

731 3774 795 3836 P.
832 3774 914 3834 11.
950 3793 1012 3852 p.
1049 3770 1202 3849 588,
1246 3780 1306 3832 et
1337 3781 1541 3852 postea
1575 3773 1651 3832 ad
1684 3773 1848 3833 Coel.
1885 3774 1959 3849 6,
2008 3774 2101 3834 14.

811 3880 1045 3939 indicat
1082 3873 1291 3956 mores)
1369 3877 1554 3936 Unius
1608 3878 1962 3939 auctoritate
2001 3873 2155 3939 Gud.
2191 3899 2306 3940 sec.
2343 3879 2702 3941 Gom-entius

731 4002 918 4044 morea
970 3982 1219 4057 abiecit,
1260 3981 1424 4060 quod
1469 3981 1630 4040 nihil
1679 3981 1848 4041 aliud
1881 3982 1947 4041 in
1983 3983 2169 4043 verbo
2201 3985 2435 4044 indicat
2470 3984 2701 4044 intelli-

731 4088 1003 4167 gendum
1066 4086 1141 4146 sit
1158 4133 1178 4163 ,
1235 4086 1354 4144 nisi
1415 4086 1898 4166 quemadmodum
1961 4089 2162 4147 animo
2232 4090 2438 4167 affecti
2497 4091 2702 4147 oium.

732 4192 943 4271 Neque
993 4191 1111 4250 boc
1163 4189 1446 4250 orationis
1494 4190 1865 4249 concinnitas
1904 4190 2158 4267 patitur,
2202 4208 2405 4268 neque
2454 4191 2604 4252 haec
2636 4190 2701 4247 in
