3131 5032
1148 461 1288 529 Lm.
1335 462 1434 546 11,
1482 466 1561 547 6,
1619 464 1722 530 14.
2273 468 2400 534 489

450 670 701 729 minime
751 668 1219 729 accommodatas
1269 668 1346 728 ab
1391 669 1520 746 ipso
1553 669 1611 728 ei
1654 669 1889 730 civitati
1923 688 2079 744 esse,
2120 690 2304 749 quam
2341 673 2407 731 in

452 773 663 832 Politia
711 772 983 833 finxerat.
1083 772 1314 846 Quibus
1361 772 1653 850 probatis,
1716 792 1794 832 ne
1842 793 1991 852 opus
2036 773 2286 852 quidem
2319 783 2407 834 est

448 875 904 956 wyttenbachii
950 877 1308 935 sententiam
1356 876 1703 954 explorare,
1746 877 1855 954 qui
1877 878 2159 957 princeps
2191 879 2414 956 accipit

450 982 625 1060 quasi
649 989 798 1040 esset
820 982 1219 1061 praecipuum
1254 979 1319 1037 id
1350 979 1874 1059 quod‘Mndvigius
1903 981 2083 1058 Epist.
2117 981 2195 1040 ad
2228 981 2410 1042 orella

450 1103 512 1162 p.
548 1082 628 1143 46
662 1085 744 1142 ita
784 1083 1030 1144 demum
1079 1083 1388 1158 concedit,
1434 1082 1670 1161 quoties
1703 1084 2106 1160 substantivo,
2148 1105 2266 1144 non
2309 1085 2415 1144 alii

451 1186 638 1246 verbo
680 1187 1073 1266 praeponitur
1095 1189 1396 1266 princeps.
1478 1187 1761 1246 Attamen
1787 1189 2145 1267 praecipuus
2183 1187 2415 1265 signifi-

452 1298 627 1350 catur
658 1289 853 1350 Dirin.
890 1291 955 1349 in
986 1289 1206 1349 Caecil.
1242 1290 1356 1364 15,
1391 1288 1497 1364 47,
1532 1292 1813 1369 princeps
1848 1292 1918 1348 iu
1952 1291 2212 1372 agendo.-
2251 1290 2413 1351 conf.

453 1394 613 1454 Orat.
669 1393 782 1469 13,
825 1393 943 1453 40:
984 1402 1113 1453 tum
1163 1392 1322 1452 infra
1365 1392 1491 1468 111,
1541 1393 1618 1469 6,
1677 1393 1786 1469 14,
1836 1393 1966 1472 fin.;
2013 1414 2171 1473 quac
2216 1402 2416 1453 tamen

453 1497 728 1575 exempla
781 1497 867 1557 sio
920 1496 1207 1555 videntur
1256 1495 1648 1574 explicanda,
1703 1504 1772 1554 ut
1797 1517 1893 1576 pr.
1942 1498 2007 1554 in
2044 1498 2305 1579 algendo,
2347 1500 2416 1556 in

453 1602 736 1676 dicendo,
790 1602 857 1658 in
910 1600 1250 1674 scribenda,
1300 1599 1537 1659 dicatur
1586 1620 1696 1678 pro
1732 1602 2012 1679 princeps
2063 1612 2257 1675 actor,
2300 1607 2415 1659 eet.

455 1704 706 1778 Contra,
742 1703 926 1763 verbo
960 1703 1364 1781 praepositum
1387 1704 1665 1783 pn‘nceps
1685 1748 1698 1774 ‚
1732 1723 1851 1762 non
1885 1704 2000 1761 nisi
2029 1704 2103 1762 ad
2137 1701 2416 1763 ordinem

453 1809 744 1883 refertur,
785 1815 856 1866 ut
890 1807 1050 1866 Orat.
1085 1805 1177 1881 11,
1224 1806 1327 1881 13,
1370 1809 1485 1880 55,
1527 1805 1607 1864 de
1641 1805 1965 1879 HerodotO,
2005 1807 2114 1884 qai
2138 1809 2419 1885 princeps

450 1912 557 1972 hoc
609 1933 792 1993 qenus
842 1913 1116 1970 ornavit:
1175 1910 1397 1987 igitur,
1457 1908 1729 1968 variandi
1783 1928 1990 1984 causa,
2032 1912 2313 1989 princeps
2359 1917 2421 1968 et

438 2018 674 2094 primus
702 2016 1041 2094 promiscue
1071 2021 1384 2093 ponuntur
1412 2011 1581 2072 Verr.
1614 2011 1705 2086 11,
1747 2012 1809 2085 1,
1848 2011 1907 2071 2.
1937 2046 2018 2059 —·
2049 2013 2180 2071 Non
2211 2019 2418 2072 tamen

452 2115 856 2177 omittendum
907 2122 994 2175 est
1046 2133 1158 2194 pro
1206 2117 1594 2194 conscripsit,
1636 2112 1760 2173 duo
1795 2114 1981 2174 libros
2015 2114 2272 2192 exiguae
2306 2135 2421 2175 au-

451 2220 740 2279 ctoritatis
770 2219 992 2278 habere
1024 2239 1158 2278 cum
1188 2220 1453 2298 scripsit,
1494 2217 2009 2297 quemadmodum
2041 2219 2207 2276 varia
2237 2218 2418 2279 lectio

453 2321 646 2379 fertur
678 2322 747 2379 in
779 2321 906 2380 Fin.
943 2318 1026 2393 V,
1070 2318 1145 2394 4,
1190 2321 1297 2378 11:
1343 2342 1635 2400 quumque
1669 2332 1907 2400 uterque
1942 2340 2140 2380 eorum
2171 2320 2420 2402 (Aristo-

457 2423 606 2481 teles
631 2430 692 2481 et
714 2419 1174 2498 Theophrastus)
1201 2423 1521 2495 docuisset,
1552 2423 1784 2500 qualem
1807 2425 1875 2480 in
1902 2443 1962 2480 re
1979 2425 2230 2501 publica
2249 2427 2419 2503 prin-

457 2526 645 2605 cipem
697 2545 817 2583 esse
871 2525 1206 2582 conveniret
1224 2568 1243 2598 ,
1289 2525 1567 2603 pluribus
1621 2537 1926 2604 praeterea
1983 2529 2421 2606 conscripsisset

457 2629 565 2706 qui
610 2637 756 2686 esset
799 2627 1053 2706 optimus
1098 2628 1187 2683 rei
1222 2626 1502 2705 publicae
1533 2638 1721 2685 status
1738 2672 1757 2701 ,
1797 2627 1905 2686 hoc
1939 2627 2193 2708 amplius
2235 2630 2422 2689 Tlaca-

445 2731 723 2810 plu-astus
766 2763 883 2804 —,
938 2730 1003 2788 in
1052 2727 1272 2807 quibus
1313 2728 1580 2788 vindicat
1613 2729 1942 2808 Madvigius
1980 2735 2421 2813 conscripsisset

454 2853 600 2912 prae
629 2834 1005 2912 reliquorum
1052 2832 1348 2891 librorum
1397 2832 1658 2892 lectione
1696 2854 1825 2893 cum
1858 2836 2207 2912 scripsisset.
2287 2837 2420 2895 Non

454 2936 753 2997 diffitebor
809 2944 1010 2994 tamen
1046 2935 1324 3015 pluribus
1375 2936 1627 2994 scrihere
1681 2944 1749 2994 ut
1798 2944 1963 2995 recte
2012 2936 2273 3012 dicitur,
2335 2939 2419 2999 ita

452 3039 657 3098 minus
708 3045 847 3116 apte
895 3034 1018 3096 dici
1073 3036 1222 3095 mihi
1275 3035 1471 3095 videri
1514 3038 1793 3116 pluribus
1830 3040 2225 3115 conscribere,
2267 3060 2417 3117 nec,

453 3144 503 3202 si
553 3144 619 3201 in
669 3160 743 3201 eo
793 3160 914 3200 non
968 3138 1399 3199 offendendum
1448 3139 1560 3215 sit,
1619 3148 1867 3219 apparet
1916 3161 2104 3219 quare
2147 3143 2419 3219 pluribus

449 3245 527 3305 de
574 3244 692 3304 hoo
745 3251 1137 3320 argumento,
1197 3242 1618 3321 paucioribuS,
1678 3251 1782 3302 aut
1826 3243 2070 3301 brevius
2112 3243 2191 3303 de
2227 3244 2419 3305 altero

447 3350 832 3429 scripsissent.
919 3346 1122 3408 Deleto
1148 3348 1426 3427 pluribus
1444 3394 1463 3422 ,
1504 3354 1643 3425 apte
1683 3347 1802 3424 legi
1836 3365 2004 3424 posse
2037 3346 2220 3407 credo
2249 3368 2415 3428 pras-

448 3464 714 3532 imaque
743 3453 1092 3531 scripsisset.
1147 3449 1362 3510 Contra
1381 3450 1542 3510 male
1560 3449 1744 3509 Codd.
1776 3449 2058 3509 nonnulli
2085 3453 2416 3531 scripserit,

451 3550 619 3614 Verr.
653 3552 738 3626 V,
779 3552 852 3627 4,
894 3552 968 3626 9,
1011 3552 1200 3627 nihil,
1242 3552 1399 3632 quod
1436 3555 1547 3611 ists
1596 3553 1845 3610 Romam
1874 3552 2116 3631 publice
2150 3557 2418 3613 conscri-

441 3655 670 3734 pserit.-
724 3654 788 3711 in
842 3656 1053 3731 primis
1112 3655 1276 3715 enim
1333 3654 1411 3715 de
1476 3653 1738 3735 publicis
1800 3654 1992 3713 literis
2052 3658 2415 3717 conscribere

455 3755 708 3815 dicitur:
751 3753 827 3813 ed
868 3755 996 3817 niv.
1038 3756 1153 3832 xl,
1197 3758 1236 3817 2
1274 3760 1408 3819 init.

535 3858 605 3915 ds
655 3858 785 3916 eius
835 3858 985 3938 legis
1034 3859 1203 3917 laude
1256 3859 1475 3940 dicam)
1588 3860 1720 3922 Non
1770 3868 1966 3937 recte,
2025 3870 2209 3946 puto,
2266 3865 2414 3945 legis

453 3961 755 4022 omittitur
802 3960 867 4018 in
916 3960 1109 4020 tribus
1142 3961 1325 4024 Codd.
1360 3964 1487 4025 Pin.
1522 3965 1653 4041 111,
1697 3968 1771 4041 5,
1818 3965 1929 4039 16,
1970 3966 2050 4023 ad
2080 3987 2253 4024 suum
2286 3978 2413 4025 sta-

449 4076 576 4124 tum
609 4085 790 4144 saque
808 4111 826 4140 ,
868 4085 1016 4144 quas
1050 4070 1458 4128 conservantia
1491 4081 1630 4128 sune
1661 4072 1790 4128 sius
1830 4080 2034 4128 status.
2117 4068 2413 4147 Intelligit

450 4176 651 4229 autem
678 4170 1041 4249 prooemium
1060 4215 1079 4245 ,
1122 4178 1190 4230 ut
1224 4190 1363 4232 mox
1410 4171 1534 4249 ipse
1568 4172 1829 4250 appellat
1863 4171 2000 4249 Cap.
2038 4171 2113 4246 7,
2164 4171 2253 4232 17.
2332 4172 2408 4231 Et
