3131 5032
814 468 951 531 452·
1498 461 1634 526 Lm.
1680 457 1742 545 1,
1794 462 1914 544 23,
1961 463 2070 528 61.

886 687 1067 749 eaque
1110 665 1264 738 unde
1302 676 1585 747 generato
1615 697 1695 712 —
1722 665 1981 749 obitura)
2059 664 2379 747 Pei-peram
2424 663 2584 728 haee
2613 665 2782 728 Tur-

809 772 1000 832 nebus
1047 767 1125 830 ad
1176 775 1408 828 certum
1442 769 1730 847 placitum
1766 769 2101 830 Stoicorum
2134 768 2320 829 refert
2336 815 2354 846 ‚
2394 769 2474 830 de
2506 771 2778 830 exustio⁴

805 875 985 935 nibus
1018 881 1079 932 et
1105 872 1182 932 de
1210 873 1348 950 igne
1379 872 1653 931 omnium
1680 892 1885 934 rerum
1911 871 2230 952 principio.
2309 873 2499 934 Locus
2525 880 2774 933 tantum

809 979 1112 1039 indicatur
1165 982 1299 1053 περὶ
1351 977 1630 1054 γενέσεων
1680 982 1777 1035 καὶ
1825 981 2088 1054 φθορῶν.
2134 1010 2216 1022 —
2259 976 2419 1052 Mox,
2461 978 2524 1035 in
2566 977 2776 1038 verbis

807 1086 1080 1144 divinum
1126 1091 1533 1159 aeternumque
1551 1126 1570 1156 ,
1612 1080 1662 1138 is
1702 1080 1849 1140 ordo
1890 1088 2192 1156 servatur,
2233 1099 2418 1160 quem
2463 1080 2772 1139 Ciceronis

809 1182 1245 1246 consuetudine
1295 1181 1703 1242 commendari
1748 1181 1875 1241 dixi
1912 1181 2105 1243 Schol.
2140 1182 2413 1262 Hypomn
2451 1182 2500 1243 1.
2526 1203 2588 1262 p.
2625 1181 2768 1243 110.

808 1289 889 1348 In
925 1288 1020 1346 his
1049 1284 1407 1346 servandum
1445 1285 1593 1361 suit,
1634 1286 1922 1364 quoan
1964 1295 2270 1366 tamquam
2299 1288 2364 1345 iu
2392 1306 2546 1345 nova
2581 1304 2770 1365 quae·

808 1391 1001 1450 stione
1048 1389 1199 1449 haee
1247 1387 1535 1449 dicuutur
1553 1434 1573 1464 ,
1631 1409 1754 1449 non
1798 1390 1862 1448 iu
1897 1409 1966 1449 ea
2003 1409 2161 1468 quae
2206 1389 2454 1449 aliunde
2485 1399 2771 1467 suspensa

807 1494 901 1553 sit.
935 1524 1020 1540 —
1048 1492 1135 1552 De
1168 1492 1359 1552 forma
1382 1491 1687 1572 prenderit
1719 1492 1845 1571 egit
1876 1512 2121 1572 quoque
2152 1491 2433 1553 Ernestus
2465 1492 2544 1553 ad
2578 1492 2770 1554 Tacit.

808 1596 971 1656 Anu.
1005 1595 1097 1655 Ill
1114 1640 1134 1671 ‚
1178 1594 1275 1655 53.

886 1719 1118 1780 seseque
1151 1718 1272 1756 non
1302 1699 1442 1756 unis
1472 1698 1899 1759 circumdatum
1935 1700 2237 1760 moenibus
2270 1698 2413 1781 loci)
2492 1699 2774 1778 Expulsis

806 1801 1135 1862 manifestis
1184 1801 1743 1879 interpolationibus
1795 1800 2161 1883 (popularem
2200 1804 2460 1863 alicuius
2489 1804 2735 1882 definiti
2748 1848 2770 1877 ,

806 1915 937 1987 post
964 1895 1321 1985 moenibus),
1353 1925 1510 1984 quae
1539 1905 1793 1984 optimos
1823 1905 2004 1966 etiam
2026 1905 2209 1966 codd.
2230 1905 2603 1982 invaserant,
2620 1905 2769 1967 alio·

804 2029 943 2069 rum
985 2008 1336 2069 auctoritate
1366 2007 1521 2067 hane
1549 2008 1956 2086 representavi
1985 2008 2336 2081 lectionem,
2375 2009 2440 2066 in
2471 2027 2597 2086 qua
2623 2011 2771 2068 unis

804 2113 1178 2174 verissimum
1205 2119 1316 2185 est,
1339 2108 1717 2188 iungendum
1736 2129 1877 2169 eum
1900 2110 2228 2185 moenibus,
2258 2130 2515 2190 eamque
2531 2112 2598 2171 in
2614 2111 2770 2171 anti·

802 2215 1103 2296 quissimis
1137 2213 1309 2272 libris
1342 2213 1659 2288 exstitisse,
1691 2214 1885 2293 ipsum
1915 2213 2150 2294 definiti
2179 2214 2407 2292 arguit,
2442 2216 2546 2274 eui
2578 2214 2770 2294 expli·

805 2318 1027 2378 cationi
1080 2317 1249 2377 Iocus
1300 2321 1423 2376 non
1475 2323 1640 2392 erat,
1697 2317 1746 2375 si
1797 2318 1979 2376 unius
2013 2317 2301 2396 scriptum
2341 2316 2566 2380 suisset.
2645 2317 2770 2379 Sed

805 2421 1094 2482 remansit
1144 2420 1423 2480 vitiosum
1488 2420 1948 2495 circumdatum,
2006 2421 2172 2500 quod
2225 2421 2461 2500 peperit
2511 2422 2765 2483 alteram

803 2525 1360 2604 interpolationem,
1413 2523 1773 2605 popularem.
1882 2525 2186 2598 Quaenam
2244 2526 2408 2585 enim
2426 2572 2445 2602 ,
2503 2547 2765 2606 quaeso,

804 2647 878 2688 ea
923 2628 1212 2707 oppositio
1257 2633 1345 2686 est
1364 2672 1381 2701 ,
1425 2626 1846 2687 circumdatum
1880 2628 2216 2704 moenibus,
2259 2636 2322 2689 et
2356 2631 2544 2689 civem
2579 2632 2766 2690 totius

803 2730 1054 2790 mundi?
1094 2729 1263 2808 quasi
1300 2728 1401 2787 hio
1435 2737 1767 2807 postremus
1801 2730 2004 2790 nullus
2042 2731 2359 2791 moenibus
2397 2731 2766 2793 circumdari

803 2840 1015 2914 posset.
1108 2830 1466 2911 Requiritur
1527 2840 1600 2891 ut
1662 2833 1791 2893 loca
1851 2832 2008 2893 iuter
2060 2855 2123 2894 se
2181 2844 2588 2914 opponantur,
2643 2836 2767 2896 hoc

806 2934 1022 2997 modo:
1083 2954 1202 2993 non
1248 2935 1386 2992 unis
1438 2933 1791 2994 circumdati
1849 2935 2150 2994 moenibus
2204 2936 2325 2995 loci
2338 2981 2357 3011 ‚
2414 2937 2518 2995 sed
2575 2938 2766 2997 civem

807 3041 988 3101 totius
1040 3036 1251 3097 mundi
1296 3061 1405 3095 —·.·
1463 3037 1531 3096 in
1583 3037 1805 3116 quibus
1853 3038 2039 3098 civem
2086 3038 2201 3097 ἀπὸ
2240 3048 2445 3099 κοινοῦ
2479 3041 2763 3119 ponitur,

808 3151 906 3220 et,
948 3142 1027 3203 de
1062 3160 1262 3216 more,
1302 3142 1369 3200 in
1399 3148 1697 3219 postrema
1729 3149 1895 3219 parte
1932 3144 2263 3202 sententiae
2300 3142 2558 3203 locatur:
2600 3141 2763 3203 conf.

805 3247 968 3308 Lael.
1019 3246 1094 3319 2,
1148 3245 1218 3321 6,
1275 3243 1376 3304 fin.
1425 3275 1507 3288 -
1552 3243 1711 3319 Mox,
1763 3244 1826 3303 in
1881 3244 2080 3304 verbis
2113 3247 2449 3327 cognitione
2480 3257 2761 3321 noturus,

807 3369 1127 3430 perperam
1161 3348 1228 3407 in
1267 3345 1578 3406 nonnullis
1614 3346 1785 3406 libris
1814 3355 2180 3426 postremum
2215 3349 2541 3409 omittitur:
2584 3349 2766 3428 signi·

807 3452 1112 3514 ficandum
1157 3450 1273 3512 hoe
1315 3458 1476 3528 erat,
1516 3448 1663 3511 oriri
1706 3449 1955 3511 virtutes
1993 3470 2029 3511 e
2067 3452 2312 3532 physica
2346 3452 2763 3532 philosophiae

808 3555 1143 3635 disciplina.
2313 3557 2325 3565 ‘

885 3658 1042 3738 quod
1073 3657 1285 3738 Apollo
1304 3660 1608 3738 praecepit
1636 3656 1917 3738 Pythius)
1994 3657 2209 3719 Putide
2232 3659 2383 3720 haec
2410 3656 2760 3738 interposita

804 3762 1125 3836 videntur,
1183 3780 1374 3839 quum
1429 3760 1595 3822 idem
1645 3762 1878 3822 dietum
1912 3762 1988 3822 sit
2020 3782 2219 3843 supra.
2299 3763 2521 3823 Tamen
2553 3781 2761 3823 omnes

802 3866 947 3927 libri
980 3884 1216 3926 servare
1253 3864 1555 3927 videntur.

883 3969 1181 4030 ducuntur
1227 3965 1617 4048 amplissima)
1695 3967 1944 4027 Secutus
1992 3987 2124 4028 sum
2170 3976 2303 4029 tum
2355 3968 2504 4028 alios
2537 3967 2760 4043 libros,

803 4081 934 4133 tum
962 4070 1529 4151 praestantissimum
1565 4069 1637 4131 A.
1667 4068 1955 4130 Moserum
1969 4117 1987 4146 ‚
2019 4073 2126 4152 qui
2157 4072 2473 4152 aliquoties
2504 4071 2761 4132 meliora

805 4175 882 4236 ad
931 4173 1128 4234 Divin.
1185 4172 1369 4233 libros
1406 4170 1648 4243 docuit,
1688 4191 1812 4235 uon
1846 4174 2159 4251 oportebat
2191 4172 2484 4235 affirmare
2519 4172 2667 4232 duci
2695 4180 2760 4233 et
