3131 5032
460 721 786 808 Brutum,
836 739 1030 810 aegre
1071 716 1256 813 tulit)
1294 732 1445 806 aut,
1485 721 1538 789 si
1579 718 1860 813 quid‘ex
1899 721 2024 792 hac
2061 723 2407 819 disciplina

453 848 844 941 excipiunt,
894 844 1181 915 Salustio
1229 858 1298 914 et
1351 844 1533 916 Livio
1572 859 1640 915 et
1682 847 1908 918 Tacito
1950 848 2404 939 delectentur,

458 974 796 1046 Ciceronis
848 971 1316 1065 loquacitatem
1360 970 1667 1043 videlicet
1704 975 1965 1044 inanem
2011 989 2080 1046 et
2125 990 2408 1048 structas

458 1100 772 1196 periodos
798 1099 906 1168 vix
936 1097 1247 1168 devorare
1275 1121 1348 1169 se
1373 1098 1622 1170 dicant.
1723 1102 1868 1171 Non
1903 1102 2197 1195 intelligo
2230 1129 2409 1176 nunc

466 1228 892 1300 nonullorum
956 1225 1306 1296 ridiculam
1346 1226 1750 1320 >superbiam
1771 1281 1792 1318 ,
1864 1231 1983 1323 qui
2048 1229 2115 1297 in
2171 1253 2410 1323 quem-

462 1377 760 1448 cumque
809 1377 884 1425 se
935 1353 1255 1446 angulum
1303 1366 1373 1423 et
1414 1375 1745 1424 recessum
1789 1353 2025 1425 harum
2068 1356 2409 1427 literarum

464 1482 903 1570 coniecerint,
973 1479 1101 1549 hoc
1155 1492 1496 1574 tamquam
1558 1482 1815 1575 imperii
1872 1495 1943 1552 et
1999 1483 2411 1577 principatus

464 1608 878 1678 domicilium
915 1629 1062 1678 esse
1098 1609 1426 1678 somniant
1450 1661 1471 1698 ‚
1520 1622 1639 1679 aut
1681 1609 1886 1680 finem
1932 1612 2154 1706 ipsum
2198 1625 2268 1684 et
2303 1636 2410 1682 ex—

466 1750 800 1824 tremum,
846 1733 1031 1828 quod
1072 1734 1190 1827 qui
1237 1737 1707 1828 occupaverint
1748 1737 2004 1831 reliqua
2048 1740 2268 1808 omnia
2305 1741 2412 1808 vix

464 1864 792 1959 adspectu
846 1861 1046 1953 digna
1112 1882 1423 1953 spernere
1478 1884 1674 1955 posse
1734 1861 2161 1933 arbitrantur.
2282 1865 2414 1935 Sed

467 1988 779 2061 ferendus
821 1986 1331 2080 audiendusque
1380 1985 1713 2058 dissensus
1757 2002 1857 2058 est
1875 2040 1896 2078 ‚
1945 1991 2001 2061 si
2045 1988 2241 2060 docte
2287 1992 2411 2062 ista

460 2130 537 2188 et
600 2115 965 2211 prudenter
1020 2112 1491 2207 disputantur3
1561 2113 2105 2210 laudandumque
2171 2115 2412 2188 horum

466 2257 846 2339 tanporum
898 2241 1276 2333 ingenium,
1325 2240 1575 2334 quibus
1616 2242 1976 2335 deponitur
2022 2242 2411 2315 hereditaria

465 2383 588 2441 aut
607 2369 1055 2465 superstitiosa
1080 2381 1376 2438 veterum
1412 2382 1998 2441 monumentorum
2026 2370 2374 2443 admiratio
2390 2425 2410 2461 ‚

465 2498 962 2594 suscipiturque
1018 2494 1306 2566 liberum
1353 2494 1440 2566 de
1491 2496 1769 2589 singulis
1813 2498 2171 2571 iudicium:
2222 2501 2411 2571 cuius

464 2627 829 2697 sententiae
890 2637 959 2694 te
1022 2647 1292 2718 quoque
1345 2637 1681 2696 auctorem
1741 2625 1953 2697 habeo
2011 2630 2081 2696 in
2129 2628 2410 2722 eleganti

473 2773 748 2822 censura
767 2804 788 2841 ,
833 2775 962 2845 qua
1008 2751 1484 2845 Madvigianam
1530 2753 1890 2824 editionem
1934 2756 2266 2828 Ciceronis
2312 2760 2412 2828 De

468 2879 743 2951 Finibus
784 2878 1282 2950 commendasti.
1398 2881 1491 2950 Ex
1534 2883 1674 2951 istis
1718 2895 1943 2951 autem
1986 2884 2410 2976 reprehenso-

472 3006 661 3077 ribus
700 3007 1075 3077 omittamus
1110 3028 1264 3095 εοε,
1314 3008 1431 3100 qui
1470 3007 1737 3078 Latinas
1771 3009 2040 3077 omnino
2068 3006 2414 3079 fastidiunt

466 3135 731 3219 literas3
795 3157 1085 3227 quorum
1147 3146 1369 3202 tamen
1428 3145 1496 3203 et
1554 3134 1734 3228 apud
1783 3133 1944 3204 alios
1982 3133 2253 3206 fortasse
2275 3188 2296 3225 ,
2344 3149 2415 3206 et

464 3275 649 3331 certe
678 3261 747 3329 in
780 3261 1141 3331 Brittannia
1178 3260 1267 3329 ita
1302 3262 1537 3331 crescit
1569 3281 1888 3333 numerus
1922 3275 1990 3333 et
2021 3265 2411 3355 auctoritas,

468 3400 547 3458 ut
587 3401 805 3459 metus
845 3390 931 3459 sit
963 3410 1052 3456 ne
1089 3388 1232 3481 ipsa
1270 3386 1555 3457 eruditio
1598 3389 1747 3458 istic
1782 3388 2012 3459 Latine
2052 3390 2251 3485 plane
2290 3391 2411 3462 de-

463 3517 700 3588 discat.
800 3516 1181 3587 Ciceronem
1218 3518 1337 3610 qui
1369 3529 1730 3610 spernunt,
1765 3540 1899 3586 non
1933 3519 2107 3612 ipsos
2137 3519 2412 3613 quidem

463 3644 777 3715 dedoceri
835 3666 1032 3739 posse
1092 3655 1291 3738 puto:
1352 3684 1456 3701 --
1506 3645 1672 3711 mira
1720 3644 1899 3713 enim
1953 3644 2275 3716 calliditas
2312 3660 2414 3717 est

465 3796 602 3866 qua
634 3795 826 3843 suam
846 3771 1141 3865 ‚quisque
1174 3770 1242 3838 in
1274 3769 1401 3839 hoc
1430 3791 1669 3862 genere
1695 3768 1800 3838 vel
1833 3771 2224 3840 sententiam
2244 3824 2265 3861 ‚
2306 3772 2413 3843 vel

463 3899 841 3991 opinionem
863 3949 884 3986 ,
951 3896 1060 3965 vel
1119 3895 1457 3966 levitatem
1531 3895 1700 3966 adeo
1767 3897 2234 3992 circumsepire
2302 3923 2410 3971 so·

461 4023 596 4094 let:
638 4067 740 4084 —
780 4024 901 4094 sed
947 4023 1227 4093 aliorum
1272 4023 1544 4095 fortasse
1597 4047 1792 4095 causa
1836 4025 2088 4096 utiliter
2129 4026 2410 4096 demon-

452 4151 822 4238 strabitur,
870 4174 948 4220 ea
988 4149 1268 4221 conferri
1310 4153 1480 4222 inter
1515 4176 1626 4240 se,
1676 4176 1849 4246 quae
1890 4154 2238 4243 contendi,
2286 4158 2409 4226 nisi
