<?xml version="1.0" encoding="UTF-8"?>
<!DOCTYPE html PUBLIC "-//W3C//DTD XHTML 1.0 Transitional//EN"
    "http://www.w3.org/TR/xhtml1/DTD/xhtml1-transitional.dtd">
<html xmlns="http://www.w3.org/1999/xhtml" xml:lang="en" lang="en">
 <head>
  <title>
</title>
<meta http-equiv="Content-Type" content="text/html;charset=utf-8" />
  <meta name='ocr-system' content='tesseract 3.04.00' />
  <meta name='ocr-capabilities' content='ocr_page ocr_carea ocr_par ocr_line ocrx_word'/>
</head>
<body>
  <div class='ocr_page' id='page_1' title='image "./mtulliiciceroni02bakegoog_0089.png"; bbox 0 0 3131 5032; ppageno 0'>
   <div class='ocr_carea' id='block_1_1' title="bbox 622 852 707 904">
    <p class='ocr_par' dir='ltr' id='par_1_1' title="bbox 622 852 707 904">
     <span class='ocr_line' id='line_1_1' title="bbox 622 852 707 904; baseline 0.012 -2"><span class='ocrx_word' id='word_1_1' title='bbox 622 852 707 904; x_wconf 76' lang='lat'>41.</span> 
     </span>
    </p>
   </div>
   <div class='ocr_carea' id='block_1_2' title="bbox 608 2878 725 2999">
    <p class='ocr_par' dir='ltr' id='par_1_2' title="bbox 608 2878 725 2999">
     <span class='ocr_line' id='line_1_2' title="bbox 608 2878 725 2931; baseline 0.009 -3"><span class='ocrx_word' id='word_1_2' title='bbox 608 2878 725 2931; x_wconf 77' lang='lat' dir='ltr'>XV.</span> 
     </span>
     <span class='ocr_line' id='line_1_3' title="bbox 640 2948 725 2999; baseline 0.012 -1"><span class='ocrx_word' id='word_1_3' title='bbox 640 2948 725 2999; x_wconf 72' lang='lat'>42.</span> 
     </span>
    </p>
   </div>
   <div class='ocr_carea' id='block_1_3' title="bbox 1702 497 1792 570">
    <p class='ocr_par' dir='ltr' id='par_1_3' title="bbox 1702 497 1792 570">
     <span class='ocr_line' id='line_1_4' title="bbox 1702 497 1792 570; baseline -0.033 0"><span class='ocrx_word' id='word_1_4' title='bbox 1702 497 1792 570; x_wconf 87' lang='grc'>22</span> 
     </span>
    </p>
   </div>
   <div class='ocr_carea' id='block_1_4' title="bbox 777 711 2743 1409">
    <p class='ocr_par' dir='ltr' id='par_1_4' title="bbox 777 711 2743 1409">
     <span class='ocr_line' id='line_1_5' title="bbox 777 711 2733 812; baseline -0.004 -28"><span class='ocrx_word' id='word_1_5' title='bbox 777 713 1322 812; x_wconf 82' lang='lat' dir='ltr'>facinorosaque</span> <span class='ocrx_word' id='word_1_6' title='bbox 1376 719 1548 804; x_wconf 80' lang='lat' dir='ltr'>vita3</span> <span class='ocrx_word' id='word_1_7' title='bbox 1613 737 1830 785; x_wconf 88' lang='lat' dir='ltr'>nemo</span> <span class='ocrx_word' id='word_1_8' title='bbox 1885 726 1991 784; x_wconf 92' lang='lat' dir='ltr'>est</span> <span class='ocrx_word' id='word_1_9' title='bbox 2046 715 2383 799; x_wconf 87' lang='lat' dir='ltr'>iniustus,</span> <span class='ocrx_word' id='word_1_10' title='bbox 2449 722 2571 780; x_wconf 87' lang='lat' dir='ltr'>aut</span> <span class='ocrx_word' id='word_1_11' title='bbox 2628 711 2733 778; x_wconf 88' lang='lat' dir='ltr'>in·</span> 
     </span>
     <span class='ocr_line' id='line_1_6' title="bbox 782 828 2734 933; baseline -0.004 -27"><span class='ocrx_word' id='word_1_12' title='bbox 782 838 973 906; x_wconf 87' lang='lat' dir='ltr'>cauti</span> <span class='ocrx_word' id='word_1_13' title='bbox 999 837 1243 933; x_wconf 87' lang='lat' dir='ltr'>potius</span> <span class='ocrx_word' id='word_1_14' title='bbox 1274 832 1590 907; x_wconf 89' lang='lat' dir='ltr'>habendi</span> <span class='ocrx_word' id='word_1_15' title='bbox 1627 846 1796 905; x_wconf 88' lang='lat' dir='ltr'>sunt</span> <span class='ocrx_word' id='word_1_16' title='bbox 1824 828 2158 931; x_wconf 86' lang='lat' dir='ltr'>improbi.</span> <span class='ocrx_word' id='word_1_17' title='bbox 2239 834 2424 900; x_wconf 91' lang='lat' dir='ltr'>Tum</span> <span class='ocrx_word' id='word_1_18' title='bbox 2459 843 2734 918; x_wconf 90' lang='lat' dir='ltr'>autem,</span> 
     </span>
     <span class='ocr_line' id='line_1_7' title="bbox 780 948 2735 1054; baseline -0.005 -28"><span class='ocrx_word' id='word_1_19' title='bbox 780 958 908 1050; x_wconf 91' lang='lat' dir='ltr'>qui</span> <span class='ocrx_word' id='word_1_20' title='bbox 956 978 1106 1025; x_wconf 91' lang='lat' dir='ltr'>non</span> <span class='ocrx_word' id='word_1_21' title='bbox 1150 958 1307 1054; x_wconf 88' lang='lat' dir='ltr'>ipso</span> <span class='ocrx_word' id='word_1_22' title='bbox 1365 953 1676 1025; x_wconf 90' lang='lat' dir='ltr'>honesto</span> <span class='ocrx_word' id='word_1_23' title='bbox 1715 975 2089 1024; x_wconf 88' lang='lat' dir='ltr'>movemur</span> <span class='ocrx_word' id='word_1_24' title='bbox 2125 964 2206 1020; x_wconf 91' lang='lat' dir='ltr'>ut</span> <span class='ocrx_word' id='word_1_25' title='bbox 2248 948 2429 1020; x_wconf 89' lang='lat' dir='ltr'>boni</span> <span class='ocrx_word' id='word_1_26' title='bbox 2474 951 2608 1019; x_wconf 88' lang='lat' dir='ltr'>viri</span> <span class='ocrx_word' id='word_1_27' title='bbox 2645 951 2735 1018; x_wconf 89' lang='lat' dir='ltr'>si-</span> 
     </span>
     <span class='ocr_line' id='line_1_8' title="bbox 781 1065 2740 1169; baseline -0.003 -27"><span class='ocrx_word' id='word_1_28' title='bbox 781 1097 971 1163; x_wconf 90' lang='lat' dir='ltr'>mus,</span> <span class='ocrx_word' id='word_1_29' title='bbox 1039 1072 1166 1144; x_wconf 88' lang='lat' dir='ltr'>sed</span> <span class='ocrx_word' id='word_1_30' title='bbox 1221 1073 1527 1145; x_wconf 88' lang='lat' dir='ltr'>utilitate</span> <span class='ocrx_word' id='word_1_31' title='bbox 1590 1072 1830 1169; x_wconf 82' lang='lat' dir='ltr'>aliqua</span> <span class='ocrx_word' id='word_1_32' title='bbox 1881 1084 2101 1168; x_wconf 89' lang='lat' dir='ltr'>atque</span> <span class='ocrx_word' id='word_1_33' title='bbox 2158 1066 2435 1157; x_wconf 81' lang='lat' dir='ltr'>fructu,</span> <span class='ocrx_word' id='word_1_34' title='bbox 2503 1065 2740 1139; x_wconf 83' lang='lat' dir='ltr'>callidi</span> 
     </span>
     <span class='ocr_line' id='line_1_9' title="bbox 782 1187 2740 1289; baseline -0.004 -26"><span class='ocrx_word' id='word_1_35' title='bbox 782 1216 1062 1282; x_wconf 88' lang='lat' dir='ltr'>sumus,</span> <span class='ocrx_word' id='word_1_36' title='bbox 1114 1216 1263 1262; x_wconf 90' lang='lat' dir='ltr'>non</span> <span class='ocrx_word' id='word_1_37' title='bbox 1306 1192 1504 1264; x_wconf 91' lang='lat' dir='ltr'>boni.</span> <span class='ocrx_word' id='word_1_38' title='bbox 1605 1195 1787 1264; x_wconf 90' lang='lat' dir='ltr'>Nam</span> <span class='ocrx_word' id='word_1_39' title='bbox 1824 1189 2001 1289; x_wconf 87' lang='lat' dir='ltr'>quid</span> <span class='ocrx_word' id='word_1_40' title='bbox 2037 1187 2249 1261; x_wconf 87' lang='lat' dir='ltr'>faciet</span> <span class='ocrx_word' id='word_1_41' title='bbox 2291 1191 2350 1259; x_wconf 91' lang='lat' dir='ltr'>is</span> <span class='ocrx_word' id='word_1_42' title='bbox 2390 1187 2615 1259; x_wconf 88' lang='lat' dir='ltr'>homo</span> <span class='ocrx_word' id='word_1_43' title='bbox 2661 1190 2740 1256; x_wconf 90' lang='lat' dir='ltr'>in</span> 
     </span>
     <span class='ocr_line' id='line_1_10' title="bbox 784 1308 2743 1409; baseline -0.002 -28"><span class='ocrx_word' id='word_1_44' title='bbox 784 1312 1134 1401; x_wconf 79' lang='lat' dir='ltr'>tenebriS‚</span> <span class='ocrx_word' id='word_1_45' title='bbox 1186 1316 1315 1409; x_wconf 92' lang='lat' dir='ltr'>qui</span> <span class='ocrx_word' id='word_1_46' title='bbox 1349 1312 1531 1383; x_wconf 90' lang='lat' dir='ltr'>nihil</span> <span class='ocrx_word' id='word_1_47' title='bbox 1565 1316 1773 1385; x_wconf 89' lang='lat' dir='ltr'>timet</span> <span class='ocrx_word' id='word_1_48' title='bbox 1809 1314 1951 1382; x_wconf 92' lang='lat' dir='ltr'>nisi</span> <span class='ocrx_word' id='word_1_49' title='bbox 1985 1324 2241 1382; x_wconf 89' lang='lat' dir='ltr'>testem</span> <span class='ocrx_word' id='word_1_50' title='bbox 2285 1322 2359 1380; x_wconf 90' lang='lat' dir='ltr'>et</span> <span class='ocrx_word' id='word_1_51' title='bbox 2390 1308 2743 1380; x_wconf 81' lang='lat' dir='ltr'>iudicem?</span> 
     </span>
    </p>
   </div>
   <div class='ocr_carea' id='block_1_5' title="bbox 724 1428 2743 1529">
    <p class='ocr_par' dir='ltr' id='par_1_5' title="bbox 724 1428 2743 1529">
     <span class='ocr_line' id='line_1_11' title="bbox 724 1428 2743 1529; baseline -0 -30"><span class='ocrx_word' id='word_1_52' title='bbox 724 1449 742 1468; x_wconf 91' lang='lat'><strong>·</strong></span> <span class='ocrx_word' id='word_1_53' title='bbox 785 1430 994 1525; x_wconf 89' lang='lat' dir='ltr'>quid,</span> <span class='ocrx_word' id='word_1_54' title='bbox 1045 1434 1120 1500; x_wconf 91' lang='lat' dir='ltr'>in</span> <span class='ocrx_word' id='word_1_55' title='bbox 1171 1430 1458 1503; x_wconf 88' lang='lat' dir='ltr'>deserto</span> <span class='ocrx_word' id='word_1_56' title='bbox 1499 1456 1651 1529; x_wconf 90' lang='lat' dir='ltr'>quo</span> <span class='ocrx_word' id='word_1_57' title='bbox 1698 1431 1860 1523; x_wconf 77' lang='lat' dir='ltr'>loeo</span> <span class='ocrx_word' id='word_1_58' title='bbox 1904 1443 2187 1518; x_wconf 64' lang='lat' dir='ltr'>nactum,</span> <span class='ocrx_word' id='word_1_59' title='bbox 2237 1452 2460 1525; x_wconf 90' lang='lat' dir='ltr'>quem</span> <span class='ocrx_word' id='word_1_60' title='bbox 2510 1428 2743 1499; x_wconf 89' lang='lat' dir='ltr'>multo</span> 
     </span>
    </p>
   </div>
   <div class='ocr_carea' id='block_1_6' title="bbox 783 1547 2758 4043">
    <p class='ocr_par' dir='ltr' id='par_1_6' title="bbox 783 1547 2758 4043">
     <span class='ocr_line' id='line_1_12' title="bbox 783 1547 2745 1648; baseline -0.002 -28"><span class='ocrx_word' id='word_1_61' title='bbox 783 1572 964 1620; x_wconf 88' lang='lat' dir='ltr'>auro</span> <span class='ocrx_word' id='word_1_62' title='bbox 1012 1547 1318 1646; x_wconf 90' lang='lat' dir='ltr'>spoliare</span> <span class='ocrx_word' id='word_1_63' title='bbox 1378 1553 1636 1648; x_wconf 86' lang='lat' dir='ltr'>possit,</span> <span class='ocrx_word' id='word_1_64' title='bbox 1692 1548 2137 1622; x_wconf 88' lang='lat' dir='ltr'>imbecillum</span> <span class='ocrx_word' id='word_1_65' title='bbox 2181 1563 2401 1646; x_wconf 89' lang='lat' dir='ltr'>atque</span> <span class='ocrx_word' id='word_1_66' title='bbox 2458 1547 2745 1619; x_wconf 80' lang='lat' dir='ltr'>solum?</span> 
     </span>
     <span class='ocr_line' id='line_1_13' title="bbox 786 1666 2745 1765; baseline -0.002 -24"><span class='ocrx_word' id='word_1_67' title='bbox 786 1670 1048 1741; x_wconf 82' lang='lat' dir='ltr'><strong>Noster</strong></span> <span class='ocrx_word' id='word_1_68' title='bbox 1099 1667 1395 1765; x_wconf 89' lang='lat' dir='ltr'>quidem</span> <span class='ocrx_word' id='word_1_69' title='bbox 1455 1669 1577 1742; x_wconf 87' lang='lat' dir='ltr'>hic</span> <span class='ocrx_word' id='word_1_70' title='bbox 1623 1684 1876 1743; x_wconf 85' lang='lat' dir='ltr'>natura</span> <span class='ocrx_word' id='word_1_71' title='bbox 1921 1672 2149 1740; x_wconf 89' lang='lat' dir='ltr'>iustus</span> <span class='ocrx_word' id='word_1_72' title='bbox 2199 1672 2309 1739; x_wconf 87' lang='lat' dir='ltr'>vir</span> <span class='ocrx_word' id='word_1_73' title='bbox 2351 1693 2438 1740; x_wconf 87' lang='lat' dir='ltr'>ac</span> <span class='ocrx_word' id='word_1_74' title='bbox 2475 1666 2745 1756; x_wconf 89' lang='lat' dir='ltr'>bonus,</span> 
     </span>
     <span class='ocr_line' id='line_1_14' title="bbox 788 1786 2745 1885; baseline -0.002 -25"><span class='ocrx_word' id='word_1_75' title='bbox 788 1793 1006 1860; x_wconf 86' lang='lat' dir='ltr'>etiarn</span> <span class='ocrx_word' id='word_1_76' title='bbox 1046 1788 1536 1885; x_wconf 80' lang='lat' dir='ltr'><strong>colloquetur,</strong></span> <span class='ocrx_word' id='word_1_77' title='bbox 1587 1789 1898 1876; x_wconf 88' lang='lat' dir='ltr'>iuvabit,</span> <span class='ocrx_word' id='word_1_78' title='bbox 1954 1792 2030 1858; x_wconf 90' lang='lat' dir='ltr'>in</span> <span class='ocrx_word' id='word_1_79' title='bbox 2071 1791 2257 1860; x_wconf 84' lang='lat' dir='ltr'>viam</span> <span class='ocrx_word' id='word_1_80' title='bbox 2294 1786 2636 1859; x_wconf 84' lang='lat' dir='ltr'>deducet:</span> <span class='ocrx_word' id='word_1_81' title='bbox 2687 1791 2745 1858; x_wconf 92' lang='lat' dir='ltr'>is</span> 
     </span>
     <span class='ocr_line' id='line_1_15' title="bbox 786 1904 2741 2003; baseline -0.001 -26"><span class='ocrx_word' id='word_1_82' title='bbox 786 1931 990 1997; x_wconf 76' lang='lat' dir='ltr'>vex-0,</span> <span class='ocrx_word' id='word_1_83' title='bbox 1041 1911 1172 2003; x_wconf 89' lang='lat' dir='ltr'>qui</span> <span class='ocrx_word' id='word_1_84' title='bbox 1217 1907 1399 1977; x_wconf 89' lang='lat' dir='ltr'>nihil</span> <span class='ocrx_word' id='word_1_85' title='bbox 1440 1908 1734 1980; x_wconf 87' lang='lat' dir='ltr'>alterius</span> <span class='ocrx_word' id='word_1_86' title='bbox 1782 1931 1993 1980; x_wconf 85' lang='lat' dir='ltr'>causa</span> <span class='ocrx_word' id='word_1_87' title='bbox 2045 1904 2294 1998; x_wconf 81' lang='lat' dir='ltr'>faciet,</span> <span class='ocrx_word' id='word_1_88' title='bbox 2344 1910 2691 1978; x_wconf 89' lang='lat' dir='ltr'>metietur</span> <span class='ocrx_word' id='word_1_89' title='bbox 2718 1921 2741 1959; x_wconf 86' lang='lat'><strong>¹</strong></span> 
     </span>
     <span class='ocr_line' id='line_1_16' title="bbox 787 2025 2750 2123; baseline -0.001 -26"><span class='ocrx_word' id='word_1_90' title='bbox 787 2032 934 2097; x_wconf 90' lang='lat' dir='ltr'>suis</span> <span class='ocrx_word' id='word_1_91' title='bbox 985 2025 1385 2099; x_wconf 86' lang='lat' dir='ltr'>commodis</span> <span class='ocrx_word' id='word_1_92' title='bbox 1440 2031 1710 2118; x_wconf 88' lang='lat' dir='ltr'>omnia,</span> <span class='ocrx_word' id='word_1_93' title='bbox 1773 2025 2066 2119; x_wconf 82' lang='lat' dir='ltr'>videtis,</span> <span class='ocrx_word' id='word_1_94' title='bbox 2128 2025 2374 2117; x_wconf 88' lang='lat' dir='ltr'>cred0‚</span> <span class='ocrx_word' id='word_1_95' title='bbox 2425 2025 2605 2123; x_wconf 90' lang='lat' dir='ltr'>quid</span> <span class='ocrx_word' id='word_1_96' title='bbox 2656 2030 2750 2097; x_wconf 80' lang='lat' dir='ltr'>sit</span> 
     </span>
     <span class='ocr_line' id='line_1_17' title="bbox 786 2144 2751 2245; baseline -0.001 -29"><span class='ocrx_word' id='word_1_97' title='bbox 786 2160 1100 2217; x_wconf 89' lang='lat' dir='ltr'>acturus.</span> <span class='ocrx_word' id='word_1_98' title='bbox 1200 2144 1412 2235; x_wconf 85' lang='lat' dir='ltr'>Quod</span> <span class='ocrx_word' id='word_1_99' title='bbox 1476 2150 1535 2218; x_wconf 83' lang='lat' dir='ltr'>s&#39;i</span> <span class='ocrx_word' id='word_1_100' title='bbox 1596 2146 1887 2245; x_wconf 85' lang='lat' dir='ltr'>negabit</span> <span class='ocrx_word' id='word_1_101' title='bbox 1928 2170 2004 2218; x_wconf 90' lang='lat' dir='ltr'>se</span> <span class='ocrx_word' id='word_1_102' title='bbox 2058 2146 2160 2216; x_wconf 82' lang='lat' dir='ltr'>illi</span> <span class='ocrx_word' id='word_1_103' title='bbox 2202 2149 2418 2218; x_wconf 90' lang='lat' dir='ltr'>vitam</span> <span class='ocrx_word' id='word_1_104' title='bbox 2459 2157 2751 2243; x_wconf 86' lang='lat' dir='ltr'>ereptu-</span> 
     </span>
     <span class='ocr_line' id='line_1_18' title="bbox 789 2264 2752 2363; baseline 0 -29"><span class='ocrx_word' id='word_1_105' title='bbox 789 2289 987 2354; x_wconf 88' lang='lat' dir='ltr'>rum,</span> <span class='ocrx_word' id='word_1_106' title='bbox 1049 2278 1122 2336; x_wconf 90' lang='lat' dir='ltr'>et</span> <span class='ocrx_word' id='word_1_107' title='bbox 1168 2289 1427 2336; x_wconf 86' lang='lat' dir='ltr'>aurum</span> <span class='ocrx_word' id='word_1_108' title='bbox 1478 2265 1928 2358; x_wconf 86' lang='lat' dir='ltr'>ablaturum,</span> <span class='ocrx_word' id='word_1_109' title='bbox 1990 2290 2391 2363; x_wconf 82' lang='lat' dir='ltr'><strong>numquam</strong></span> <span class='ocrx_word' id='word_1_110' title='bbox 2439 2264 2539 2336; x_wconf 88' lang='lat' dir='ltr'>ob</span> <span class='ocrx_word' id='word_1_111' title='bbox 2594 2288 2752 2336; x_wconf 85' lang='lat' dir='ltr'>eam</span> 
     </span>
     <span class='ocr_line' id='line_1_19' title="bbox 791 2382 2754 2485; baseline -0.002 -28"><span class='ocrx_word' id='word_1_112' title='bbox 791 2408 1077 2457; x_wconf 88' lang='lat' dir='ltr'>causam</span> <span class='ocrx_word' id='word_1_113' title='bbox 1129 2382 1451 2484; x_wconf 87' lang='lat' dir='ltr'>negabit,</span> <span class='ocrx_word' id='word_1_114' title='bbox 1502 2385 1704 2484; x_wconf 89' lang='lat' dir='ltr'>quod</span> <span class='ocrx_word' id='word_1_115' title='bbox 1749 2385 1821 2458; x_wconf 88' lang='lat' dir='ltr'>id</span> <span class='ocrx_word' id='word_1_116' title='bbox 1871 2401 2132 2459; x_wconf 79' lang='lat' dir='ltr'>natura</span> <span class='ocrx_word' id='word_1_117' title='bbox 2179 2401 2395 2485; x_wconf 83' lang='lat' dir='ltr'>turpe</span> <span class='ocrx_word' id='word_1_118' title='bbox 2448 2383 2754 2473; x_wconf 86' lang='lat' dir='ltr'>iudicet,</span> 
     </span>
     <span class='ocr_line' id='line_1_20' title="bbox 793 2503 2754 2602; baseline -0.001 -26"><span class='ocrx_word' id='word_1_119' title='bbox 793 2505 918 2577; x_wconf 89' lang='lat' dir='ltr'>sed</span> <span class='ocrx_word' id='word_1_120' title='bbox 964 2503 1169 2602; x_wconf 90' lang='lat' dir='ltr'>quod·</span> <span class='ocrx_word' id='word_1_121' title='bbox 1219 2520 1492 2580; x_wconf 90' lang='lat' dir='ltr'>metuat</span> <span class='ocrx_word' id='word_1_122' title='bbox 1533 2533 1629 2580; x_wconf 90' lang='lat' dir='ltr'>ne</span> <span class='ocrx_word' id='word_1_123' title='bbox 1653 2522 1988 2600; x_wconf 85' lang='lat' dir='ltr'>-emanet,</span> <span class='ocrx_word' id='word_1_124' title='bbox 2038 2506 2115 2579; x_wconf 85' lang='lat' dir='ltr'>id</span> <span class='ocrx_word' id='word_1_125' title='bbox 2165 2522 2303 2597; x_wconf 90' lang='lat' dir='ltr'>est,</span> <span class='ocrx_word' id='word_1_126' title='bbox 2355 2532 2447 2578; x_wconf 95' lang='lat' dir='ltr'>ne</span> <span class='ocrx_word' id='word_1_127' title='bbox 2481 2503 2754 2578; x_wconf 86' lang='lat' dir='ltr'>malum</span> 
     </span>
     <span class='ocr_line' id='line_1_21' title="bbox 792 2624 2758 2725; baseline -0.001 -29"><span class='ocrx_word' id='word_1_128' title='bbox 792 2625 1076 2698; x_wconf 88' lang='lat' dir='ltr'>habeat.</span> <span class='ocrx_word' id='word_1_129' title='bbox 1178 2628 1242 2696; x_wconf 92' lang='lat' dir='ltr'>O</span> <span class='ocrx_word' id='word_1_130' title='bbox 1283 2651 1436 2697; x_wconf 90' lang='lat' dir='ltr'>rem</span> <span class='ocrx_word' id='word_1_131' title='bbox 1469 2625 1762 2724; x_wconf 90' lang='lat' dir='ltr'>dignam</span> <span class='ocrx_word' id='word_1_132' title='bbox 1793 2632 1869 2698; x_wconf 93' lang='lat' dir='ltr'>in</span> <span class='ocrx_word' id='word_1_133' title='bbox 1905 2651 2054 2725; x_wconf 88' lang='lat' dir='ltr'>qua</span> <span class='ocrx_word' id='word_1_134' title='bbox 2088 2651 2239 2698; x_wconf 90' lang='lat' dir='ltr'>non</span> <span class='ocrx_word' id='word_1_135' title='bbox 2272 2626 2491 2698; x_wconf 90' lang='lat' dir='ltr'>modo</span> <span class='ocrx_word' id='word_1_136' title='bbox 2526 2624 2758 2716; x_wconf 88' lang='lat' dir='ltr'>docti,</span> 
     </span>
     <span class='ocr_line' id='line_1_22' title="bbox 794 2744 2664 2843; baseline 0.003 -27"><span class='ocrx_word' id='word_1_137' title='bbox 794 2745 918 2817; x_wconf 88' lang='lat' dir='ltr'>sed</span> <span class='ocrx_word' id='word_1_138' title='bbox 945 2752 972 2791; x_wconf 83' lang='lat'>²</span> <span class='ocrx_word' id='word_1_139' title='bbox 1013 2748 1229 2817; x_wconf 88' lang='lat' dir='ltr'>etiam</span> <span class='ocrx_word' id='word_1_140' title='bbox 1259 2760 1574 2843; x_wconf 83' lang='lat' dir='ltr'>agrestes</span> <span class='ocrx_word' id='word_1_141' title='bbox 1611 2744 2070 2821; x_wconf 82' lang='lat' dir='ltr'>erubescant!</span> <span class='ocrx_word' id='word_1_142' title='bbox 2659 2755 2664 2760; x_wconf 81' lang='grc'><strong>’</strong></span> 
     </span>
     <span class='ocr_line' id='line_1_23' title="bbox 892 2866 2756 2958; baseline 0 -21"><span class='ocrx_word' id='word_1_143' title='bbox 892 2872 1042 2938; x_wconf 88' lang='lat' dir='ltr'>Iam</span> <span class='ocrx_word' id='word_1_144' title='bbox 1076 2891 1246 2938; x_wconf 84' lang='lat' dir='ltr'>vero</span> <span class='ocrx_word' id='word_1_145' title='bbox 1278 2866 1452 2938; x_wconf 87' lang='lat' dir='ltr'>illud</span> <span class='ocrx_word' id='word_1_146' title='bbox 1489 2867 2026 2958; x_wconf 89' lang='lat' dir='ltr'>stultissimum,</span> <span class='ocrx_word' id='word_1_147' title='bbox 2069 2870 2474 2940; x_wconf 84' lang='lat' dir='ltr'>existimare</span> <span class='ocrx_word' id='word_1_148' title='bbox 2512 2871 2756 2938; x_wconf 88' lang='lat' dir='ltr'>omnia</span> 
     </span>
     <span class='ocr_line' id='line_1_24' title="bbox 795 2986 2750 3086; baseline -0.001 -29"><span class='ocrx_word' id='word_1_149' title='bbox 795 2990 981 3058; x_wconf 85' lang='lat' dir='ltr'>iusta</span> <span class='ocrx_word' id='word_1_150' title='bbox 1030 3010 1182 3058; x_wconf 92' lang='lat' dir='ltr'>esse</span> <span class='ocrx_word' id='word_1_151' title='bbox 1227 3011 1414 3083; x_wconf 88' lang='lat' dir='ltr'>quae</span> <span class='ocrx_word' id='word_1_152' title='bbox 1460 2991 1632 3060; x_wconf 89' lang='lat' dir='ltr'>scita</span> <span class='ocrx_word' id='word_1_153' title='bbox 1679 2991 1852 3078; x_wconf 90' lang='lat' dir='ltr'>sint,</span> <span class='ocrx_word' id='word_1_154' title='bbox 1903 2991 1980 3057; x_wconf 92' lang='lat' dir='ltr'>in</span> <span class='ocrx_word' id='word_1_155' title='bbox 2010 2994 2036 3035; x_wconf 81' lang='lat'>³</span> <span class='ocrx_word' id='word_1_156' title='bbox 2075 2986 2515 3086; x_wconf 89' lang='lat' dir='ltr'>populorum</span> <span class='ocrx_word' id='word_1_157' title='bbox 2547 2989 2750 3056; x_wconf 90' lang='lat' dir='ltr'>insti-</span> 
     </span>
     <span class='ocr_line' id='line_1_25' title="bbox 797 3104 2753 3205; baseline 0.001 -30"><span class='ocrx_word' id='word_1_158' title='bbox 797 3111 974 3176; x_wconf 86' lang='lat' dir='ltr'>tutis</span> <span class='ocrx_word' id='word_1_159' title='bbox 1028 3119 1152 3177; x_wconf 89' lang='lat' dir='ltr'>aut</span> <span class='ocrx_word' id='word_1_160' title='bbox 1201 3104 1496 3201; x_wconf 86' lang='lat' dir='ltr'>legibus.</span> <span class='ocrx_word' id='word_1_161' title='bbox 1596 3110 1948 3197; x_wconf 85' lang='lat' dir='ltr'>Etiamne,</span> <span class='ocrx_word' id='word_1_162' title='bbox 2010 3109 2071 3177; x_wconf 91' lang='lat' dir='ltr'>si</span> <span class='ocrx_word' id='word_1_163' title='bbox 2124 3130 2310 3203; x_wconf 87' lang='lat' dir='ltr'>quae</span> <span class='ocrx_word' id='word_1_164' title='bbox 2364 3105 2557 3205; x_wconf 85' lang='lat' dir='ltr'>leges</span> <span class='ocrx_word' id='word_1_165' title='bbox 2608 3108 2753 3177; x_wconf 88' lang='lat' dir='ltr'>sint</span> 
     </span>
     <span class='ocr_line' id='line_1_26' title="bbox 798 3224 2756 3323; baseline 0.002 -30"><span class='ocrx_word' id='word_1_166' title='bbox 798 3224 1316 3320; x_wconf 78' lang='lat' dir='ltr'>tyrannorum?</span> <span class='ocrx_word' id='word_1_167' title='bbox 1414 3228 1482 3295; x_wconf 90' lang='lat' dir='ltr'>Si</span> <span class='ocrx_word' id='word_1_168' title='bbox 1534 3229 1825 3323; x_wconf 88' lang='lat' dir='ltr'>triginta</span> <span class='ocrx_word' id='word_1_169' title='bbox 1879 3226 1980 3297; x_wconf 86' lang='lat' dir='ltr'>illi</span> <span class='ocrx_word' id='word_1_170' title='bbox 2036 3225 2337 3298; x_wconf 87' lang='lat' dir='ltr'>Athenis</span> <span class='ocrx_word' id='word_1_171' title='bbox 2386 3225 2577 3323; x_wconf 90' lang='lat' dir='ltr'>leges</span> <span class='ocrx_word' id='word_1_172' title='bbox 2626 3230 2756 3296; x_wconf 89' lang='lat' dir='ltr'>im-</span> 
     </span>
     <span class='ocr_line' id='line_1_27' title="bbox 797 3342 2753 3441; baseline 0.003 -29"><span class='ocrx_word' id='word_1_173' title='bbox 797 3366 1071 3441; x_wconf 81' lang='lat' dir='ltr'>ponere</span> <span class='ocrx_word' id='word_1_174' title='bbox 1110 3342 1528 3433; x_wconf 89' lang='lat' dir='ltr'>voluissent,</span> <span class='ocrx_word' id='word_1_175' title='bbox 1578 3359 1702 3416; x_wconf 86' lang='lat' dir='ltr'>aut</span> <span class='ocrx_word' id='word_1_176' title='bbox 1734 3350 1797 3417; x_wconf 92' lang='lat' dir='ltr'>si</span> <span class='ocrx_word' id='word_1_177' title='bbox 1837 3370 2089 3418; x_wconf 89' lang='lat' dir='ltr'>omnes</span> <span class='ocrx_word' id='word_1_178' title='bbox 2122 3344 2597 3418; x_wconf 90' lang='lat' dir='ltr'>Athenienses</span> <span class='ocrx_word' id='word_1_179' title='bbox 2629 3345 2753 3417; x_wconf 86' lang='lat' dir='ltr'>de·</span> 
     </span>
     <span class='ocr_line' id='line_1_28' title="bbox 797 3462 2750 3564; baseline 0.003 -31"><span class='ocrx_word' id='word_1_180' title='bbox 797 3462 1237 3535; x_wconf 87' lang='lat' dir='ltr'>lectarentur</span> <span class='ocrx_word' id='word_1_181' title='bbox 1273 3467 1663 3561; x_wconf 88' lang='lat' dir='ltr'>tyrannicis</span> <span class='ocrx_word' id='word_1_182' title='bbox 1694 3465 2008 3564; x_wconf 74' lang='lat' dir='ltr'>legibu5‚</span> <span class='ocrx_word' id='word_1_183' title='bbox 2046 3490 2226 3538; x_wconf 86' lang='lat' dir='ltr'>num</span> <span class='ocrx_word' id='word_1_184' title='bbox 2260 3465 2529 3538; x_wconf 88' lang='lat' dir='ltr'>idcirco</span> <span class='ocrx_word' id='word_1_185' title='bbox 2569 3490 2696 3538; x_wconf 85' lang='lat' dir='ltr'>eae</span> <span class='ocrx_word' id='word_1_186' title='bbox 2722 3472 2750 3511; x_wconf 81' lang='lat'><strong>⁴</strong></span> 
     </span>
     <span class='ocr_line' id='line_1_29' title="bbox 801 3581 2756 3685; baseline 0.003 -34"><span class='ocrx_word' id='word_1_187' title='bbox 801 3581 994 3681; x_wconf 90' lang='lat' dir='ltr'>leges</span> <span class='ocrx_word' id='word_1_188' title='bbox 1038 3587 1263 3655; x_wconf 88' lang='lat' dir='ltr'>iustae</span> <span class='ocrx_word' id='word_1_189' title='bbox 1319 3583 1803 3657; x_wconf 78' lang='lat' dir='ltr'>haberentur?</span> <span class='ocrx_word' id='word_1_190' title='bbox 1900 3586 2176 3677; x_wconf 86' lang='lat' dir='ltr'>Nihilo,</span> <span class='ocrx_word' id='word_1_191' title='bbox 2227 3584 2479 3678; x_wconf 86' lang='lat' dir='ltr'>cred0,</span> <span class='ocrx_word' id='word_1_192' title='bbox 2529 3590 2756 3685; x_wconf 88' lang='lat' dir='ltr'>magis</span> 
     </span>
     <span class='ocr_line' id='line_1_30' title="bbox 803 3701 2756 3799; baseline 0.002 -26"><span class='ocrx_word' id='word_1_193' title='bbox 803 3701 956 3787; x_wconf 90' lang='lat' dir='ltr'>illa,</span> <span class='ocrx_word' id='word_1_194' title='bbox 1028 3728 1249 3799; x_wconf 86' lang='lat' dir='ltr'>quam</span> <span class='ocrx_word' id='word_1_195' title='bbox 1307 3708 1625 3777; x_wconf 85' lang='lat' dir='ltr'>interrex</span> <span class='ocrx_word' id='word_1_196' title='bbox 1694 3721 1940 3778; x_wconf 91' lang='lat' dir='ltr'>noster</span> <span class='ocrx_word' id='word_1_197' title='bbox 2008 3707 2205 3797; x_wconf 80' lang='lat' dir='ltr'>tulit,</span> <span class='ocrx_word' id='word_1_198' title='bbox 2274 3721 2355 3778; x_wconf 91' lang='lat' dir='ltr'>ut</span> <span class='ocrx_word' id='word_1_199' title='bbox 2417 3706 2756 3798; x_wconf 86' lang='lat' dir='ltr'>dictator,</span> 
     </span>
     <span class='ocr_line' id='line_1_31' title="bbox 805 3822 2755 3927; baseline 0.003 -34"><span class='ocrx_word' id='word_1_200' title='bbox 805 3846 1026 3919; x_wconf 89' lang='lat' dir='ltr'>quem</span> <span class='ocrx_word' id='word_1_201' title='bbox 1059 3822 1271 3894; x_wconf 90' lang='lat' dir='ltr'>vellet</span> <span class='ocrx_word' id='word_1_202' title='bbox 1308 3828 1600 3916; x_wconf 85' lang='lat' dir='ltr'>civium,</span> <span class='ocrx_word' id='word_1_203' title='bbox 1626 3826 1894 3899; x_wconf 86' lang='lat' dir='ltr'>indicta</span> <span class='ocrx_word' id='word_1_204' title='bbox 1918 3850 2155 3919; x_wconf 86' lang='lat' dir='ltr'>causa,</span> <span class='ocrx_word' id='word_1_205' title='bbox 2187 3832 2481 3926; x_wconf 85' lang='lat' dir='ltr'>impune</span> <span class='ocrx_word' id='word_1_206' title='bbox 2514 3841 2755 3927; x_wconf 88' lang='lat' dir='ltr'>posset</span> 
     </span>
     <span class='ocr_line' id='line_1_32' title="bbox 806 3940 2755 4043; baseline 0.002 -31"><span class='ocrx_word' id='word_1_207' title='bbox 806 3940 1156 4014; x_wconf 88' lang='lat' dir='ltr'>occidere.</span> <span class='ocrx_word' id='word_1_208' title='bbox 1255 3947 1376 4014; x_wconf 90' lang='lat' dir='ltr'>Est</span> <span class='ocrx_word' id='word_1_209' title='bbox 1408 3947 1604 4015; x_wconf 91' lang='lat' dir='ltr'>enim</span> <span class='ocrx_word' id='word_1_210' title='bbox 1643 3970 1874 4017; x_wconf 88' lang='lat' dir='ltr'>unum</span> <span class='ocrx_word' id='word_1_211' title='bbox 1903 3948 2050 4037; x_wconf 88' lang='lat' dir='ltr'>ius,</span> <span class='ocrx_word' id='word_1_212' title='bbox 2099 3970 2251 4043; x_wconf 90' lang='lat' dir='ltr'>quo</span> <span class='ocrx_word' id='word_1_213' title='bbox 2287 3945 2613 4019; x_wconf 85' lang='lat' dir='ltr'>devincta</span> <span class='ocrx_word' id='word_1_214' title='bbox 2646 3960 2755 4017; x_wconf 90' lang='lat' dir='ltr'>est</span> 
     </span>
    </p>
   </div>
   <div class='ocr_carea' id='block_1_7' title="bbox 865 4207 2196 4281">
    <p class='ocr_par' dir='ltr' id='par_1_7' title="bbox 865 4207 2196 4281">
     <span class='ocr_line' id='line_1_33' title="bbox 865 4207 2196 4281; baseline 0.002 -20"><span class='ocrx_word' id='word_1_215' title='bbox 865 4214 880 4249; x_wconf 83' lang='lat'><strong>¹</strong></span> <span class='ocrx_word' id='word_1_216' title='bbox 926 4207 1036 4281; x_wconf 82' lang='lat' dir='ltr'>[et]</span> <span class='ocrx_word' id='word_1_217' title='bbox 1070 4211 1329 4262; x_wconf 81' lang='lat' dir='ltr'>metietur.</span> <span class='ocrx_word' id='word_1_218' title='bbox 1404 4214 1425 4249; x_wconf 82' lang='lat'>²</span> <span class='ocrx_word' id='word_1_219' title='bbox 1463 4229 1661 4263; x_wconf 72' lang='lat' dir='ltr'>verum.</span> <span class='ocrx_word' id='word_1_220' title='bbox 1738 4216 1759 4250; x_wconf 79' lang='lat'>⁸</span> <span class='ocrx_word' id='word_1_221' title='bbox 1804 4209 1945 4281; x_wconf 90' lang='lat' dir='ltr'>[iu].</span> <span class='ocrx_word' id='word_1_222' title='bbox 2020 4216 2040 4252; x_wconf 59' lang='grc' dir='ltr'>ἱ</span> <span class='ocrx_word' id='word_1_223' title='bbox 2076 4212 2196 4264; x_wconf 73' lang='lat' dir='ltr'>hue.</span> 
     </span>
    </p>
   </div>
  </div>
 </body>
</html>
