3131 5032
745 438 875 504 348
1453 436 1596 506 Lm.
1641 437 1709 522 1,
1756 439 1833 520 8,
1878 439 1986 505 26.

737 645 817 704 sit
848 665 961 724 pro
995 647 1085 705 ita
1114 655 1180 704 ut
1199 690 1218 721 ,
1252 643 1555 723 siquidem
1593 644 1743 706 haee
1776 664 1896 705 non
1928 646 1994 703 in
2028 644 2450 724 conclusione,
2490 648 2595 708 sed
2627 650 2693 708 in

738 747 1101 809 assumtione
1151 746 1440 807 dicuntur
1488 746 1567 808 ad
1618 746 1995 825 probandum
2034 746 2100 807 id
2134 748 2302 828 quod
2333 748 2513 810 modo
2542 752 2695 828 posi-

743 861 870 911 tum
906 859 1033 911 erat
1051 897 1069 928 ,
1111 850 1314 912 omnia
1349 851 1458 911 ista
1493 851 1710 910 donata
1743 851 2003 911 consulto
2041 852 2213 914 nobis
2249 871 2391 911 esse.
2471 850 2693 932 Requi-

737 956 896 1015 ritur
926 954 1129 1034 potius
1158 954 1236 1015 ad
1260 955 1511 1034 pecudes
1541 953 1838 1015 eiusmodi
1872 953 2165 1030 adiectio,
2204 954 2402 1033 qualis
2429 963 2559 1014 erat
2588 977 2691 1030 ea,

732 1079 883 1138 quae
932 1088 1012 1102 —
1055 1058 1503 1138 profunduntur
1517 1103 1536 1133 ‚
1589 1056 1689 1117 vel
1722 1055 2142 1117 concinnitatis
2173 1075 2367 1119 causa.
2447 1057 2569 1118 Hoc
2603 1057 2690 1117 vi-

731 1161 888 1220 disse
939 1169 1088 1240 puto
1137 1160 1440 1220 Davisium
1455 1205 1475 1236 ,
1531 1160 1642 1239 qui
1693 1159 2030 1238 corrigebat
2089 1180 2268 1238 quae:
2322 1159 2694 1220 commodius

728 1263 895 1345 (nam
947 1271 1010 1323 et
1059 1263 1126 1321 in
1177 1261 1332 1322 Voss.
1379 1260 1432 1320 A
1473 1263 1631 1343 quod
1662 1271 1751 1322 est
1782 1283 1856 1322 ex
1889 1262 2300 1338 correctione,
2339 1261 2580 1323 sortasse
2612 1282 2687 1322 ex

730 1387 905 1447 quom
921 1412 939 1443 ,
979 1374 1040 1425 et
1091 1365 1157 1423 in
1210 1363 1346 1424 aliis
1396 1373 1482 1424 est
1530 1361 1793 1445 quidem)
1823 1365 2160 1443 corrigetur
2192 1385 2440 1444 quarum
2457 1410 2475 1439 ,
2514 1363 2687 1446 (solet

728 1470 893 1531 enim
918 1470 1146 1550 partim
1177 1468 1260 1529 ita
1292 1487 1434 1527 cum
1466 1467 1739 1546 genitivo
1764 1467 2054 1545 coniungi
2081 1467 2331 1546 plurali,
2371 1467 2496 1527 vid.
2521 1467 2684 1528 Beie-

729 1593 832 1633 rus
866 1571 946 1632 ad
981 1570 1144 1632 offic.
1178 1571 1268 1646 H,
1308 1569 1418 1647 21,
1458 1569 1587 1653 72.)
1616 1571 1771 1631 sicut
1802 1590 1981 1649 supra
2009 1569 2149 1649 Cap.
2182 1569 2252 1646 7,
2290 1569 2399 1646 22,
2439 1591 2685 1648 quoram

729 1672 989 1735 vidimus
1030 1672 1097 1731 in
1139 1693 1312 1752 quom
1345 1679 1721 1750 corruptum.
1802 1670 2002 1732 Restat
2035 1692 2214 1751 porro
2249 1681 2318 1732 ut
2351 1673 2684 1751 corrigatur

727 1788 813 1837 est
845 1795 957 1855 pro
991 1776 1091 1835 sic.
1173 1773 1418 1832 Memini
1454 1791 1597 1834 sane
1631 1773 1994 1853 Madvigium
2028 1773 2364 1835 Emendatt.
2398 1794 2460 1854 p.
2499 1774 2559 1836 9.
2594 1796 2680 1856 sq.

727 1879 1032 1957 vulgatam
1064 1876 1394 1937 defendere
1409 1922 1428 1952 ‚
1468 1875 1637 1956 quod
1669 1877 1821 1937 haec
1853 1877 2008 1956 ipsa,
2048 1897 2207 1956 quae
2240 1876 2574 1939 afferuntur
2605 1878 2684 1939 ad

728 1980 1033 2059 superiora
1087 1978 1394 2058 probanda
1413 2024 1430 2053 ,
1471 1979 1558 2039 ita
1603 1987 1807 2039 tamen
1847 1999 1991 2040 cum
2025 1980 2147 2039 illis
2182 1981 2542 2042 cohaereant
2558 2026 2576 2056 ‚
2614 1989 2683 2043 ut

725 2084 971 2143 illorum
1002 2082 1355 2142 contineant
1393 2080 1963 2143 demonstrationem
1982 2127 2000 2158 ,
2034 2083 2525 2163 simillimosque,
2566 2084 2680 2159 ait,

728 2186 889 2246 locos
923 2203 1047 2244 eme
1077 2183 1206 2243 Fin.
1240 2182 1516 2259 111,19,
1558 2183 1637 2244 64
1672 2192 1733 2244 et
1766 2183 1846 2261 V,
1892 2184 2004 2261 13,
2043 2185 2144 2248 37.
2223 2185 2484 2261 Verum,
2514 2186 2681 2267 quod

722 2309 872 2370 pace
905 2289 1023 2349 viri
1061 2286 1547 2367 praestantissimi
1579 2286 1777 2349 dicam
1790 2335 1809 2365 ‚
1849 2288 1969 2349 alia
2001 2297 2090 2350 est
2123 2290 2373 2351 istorum
2407 2289 2678 2352 locorum

721 2392 982 2472 indoles;
1040 2393 1108 2452 in
1155 2391 1378 2471 quihus
1429 2391 1748 2453 manifesto
1780 2393 1908 2472 ipsa
1940 2394 2364 2454 demonstratio
2392 2395 2643 2455 iteratur
2655 2419 2674 2473 ς

720 2498 841 2560 hoc
881 2505 1085 2559 autem
1146 2495 1281 2557 loco
1312 2494 1557 2575 proprie
1591 2495 1750 2556 nihil
1781 2505 1868 2557 est
1906 2495 2072 2578 quod
2106 2495 2548 2559 demonstratur
2562 2546 2581 2576 ‚
2616 2506 2678 2560 et

720 2601 1031 2681 superiora
1063 2599 1171 2660 illa
1194 2598 1420 2680 (itaque
1434 2632 1517 2644 —
1532 2599 1898 2682 videantur),
1932 2600 2100 2662 velut
2126 2602 2365 2680 cognita
2395 2610 2457 2662 et
2489 2602 2678 2662 indu-

719 2705 933 2780 bitata,
961 2702 1326 2763 admonendi
1354 2709 1417 2762 et
1445 2701 1840 2763 confirmandi
1864 2709 2099 2762 tantum
2124 2722 2299 2763 causa
2331 2711 2639 2782 ponuntur
2655 2751 2676 2782 ‚

720 2808 876 2868 sicut
928 2805 1131 2867 omnia
1181 2805 1419 2884 reliqua
1473 2824 1667 2884 usque
1701 2803 1781 2865 ad
1809 2803 1853 2885 ς
1882 2804 1994 2881 27,
2038 2804 2141 2864 ubi
2180 2806 2488 2886 abrumpit
2517 2806 2678 2869 hanc

718 2908 1240 2972 enumerationem
1266 2907 1475 2989 (neque
1509 2908 1670 2965 enim
1699 2907 1899 2965 omnia
1928 2902 2072 2985 cet.)
2149 2905 2201 2965 N
2203 2925 2239 2965 e
2272 2906 2389 2967 hoc
2423 2908 2674 2989 quidem

717 3011 1153 3093 negligendum
1201 3019 1323 3085 est,
1365 3010 1416 3070 si
1447 3010 1559 3070 ista
1608 3029 1848 3070 oausam
1889 3008 2268 3088 superiorum
2311 3010 2671 3090 redderent,

717 3135 841 3177 non
873 3116 958 3176 ita
985 3111 1384 3192 disiungenda
1413 3096 1623 3189 fuisse,
1662 3120 1802 3183 utra
1833 3112 2034 3172 verbis
2058 3133 2166 3173 nec
2198 3114 2388 3173 solum
2417 3136 2487 3175 ea
2519 3136 2674 3178 nova

714 3218 1009 3280 sententia
1050 3217 1467 3277 inchoaretur:
1509 3214 1770 3305 alterum
1812 3215 1863 3275 si
1909 3215 2189 3277 volumet
2243 3216 2478 3294 Cicero,
2532 3220 2670 3280 scri-

714 3323 956 3402 psisset,
994 3328 1182 3400 puto,
1212 3352 1297 3368 —
1319 3308 1664 3398 υἱόσαοκὺν,
1703 3319 1861 3399 qaod
1892 3321 2274 3401 perspicuum
2305 3323 2388 3382 sie
2418 3342 2537 3382 m
2566 3343 2667 3382 so·

715 3428 839 3487 lum
869 3457 952 3470 —
981 3423 1084 3484 sed
1111 3424 1293 3483 etiam
1313 3422 1571 3503 pecudes
1600 3455 1682 3467 —
1703 3435 2060 3503 promum.

794 3528 838 3611 §
878 3527 976 3589 26.
1057 3546 1235 3605 quam
1268 3527 1504 3586 imitata
1531 3522 1713 3606 meio)
1791 3525 2112 3606 Perperam
2141 3526 2497 3588 Goerenzius
2523 3546 2669 3588 cum

713 3630 812 3692 his
843 3628 1152 3707 componit
1182 3627 1360 3707 longe
1391 3628 1662 3706 diversa,
1702 3648 1860 3708 quae
1891 3627 2275 3708 disputantur
2300 3630 2435 3692 Nat.
2467 3629 2537 3692 l).
2573 3631 2671 3708 11,

717 3732 833 3808 59,
878 3730 994 3793 148
1027 3737 1090 3792 et
1123 3730 1283 3792 Orat.
1317 3733 1397 3792 55
1418 3778 1433 3805 ‚
1481 3731 1624 3809 1835
1668 3732 1893 3812 quibus
1936 3732 2083 3793 locis
2122 3732 2478 3795 tralatitium
2513 3734 2672 3795 illud

716 3837 971 3898 docetur
987 3879 1006 3910 ‚
1062 3842 1250 3895 artem
1315 3842 1511 3895 ortam
1574 3855 1698 3896 esse
1751 3857 1826 3897 ex
1884 3837 2206 3898 collatione
2255 3857 2467 3899 eorum
2514 3858 2673 3919 quae

713 3947 1109 4003 cernerentur
1158 3939 1227 3999 iu
1273 3940 1414 4000 vita.
1511 3938 1634 3999 Hoc
1696 3940 1830 4001 loco
1879 3960 1951 4001 ea
2003 3941 2365 4021 intelligitur
2425 3955 2672 4004 mum

714 4047 975 4107 imitatio
994 4091 1013 4120 ‚
1064 4044 1308 4124 qualem
1353 4042 1637 4103 describit
1673 4042 2019 4105 Posidonius
2052 4044 2213 4124 apud
2245 4047 2532 4107 Senecam
2558 4047 2666 4126 Ep.

711 4149 824 4225 90,
853 4149 1007 4209 sicut
1037 4148 1103 4208 in
1131 4148 1343 4210 eodem
1373 4156 1726 4226 argumento
1751 4146 2096 4210 Aristoteles
2116 4148 2350 4211 dixerat
2367 4150 2667 4213 Meteorol.
