3131 5032
722 408 851 474 268
1458 404 1602 471 Lm.
1648 404 1714 488 1,
1768 407 1835 490 1,
1888 410 1950 474 2.

715 634 779 673 se
828 611 1207 673 defenderet:
1265 611 1389 673 vid.
1445 612 1523 672 ad
1569 611 1693 671 Att.
1729 610 1842 671 XII
1859 657 1879 687 ,
1931 610 2031 674 49.
2124 611 2339 692 Itaque
2381 613 2687 677 sublatum

715 737 843 777 esse
893 716 1110 796 opinor
1156 715 1275 776 hoc
1290 761 1309 793 ,
1360 715 1528 795 quod
1574 715 1898 775 ferendum
1942 736 2068 775 non
2100 724 2262 791 erat,
2305 724 2376 777 ut
2407 717 2577 797 quod
2608 717 2688 779 de

712 821 982 881 carmine
1029 820 1273 881 dixisset
1322 819 1494 899 quis,
1535 818 1603 878 id
1646 818 1725 879 ad
1771 839 2069 898 quercum
2119 819 2467 882 referretur.
2549 822 2683 883 Non

709 933 914 984 tamen
948 922 1181 985 alienus
1215 930 1305 983 est
1336 921 1485 982 hinc
1508 922 1791 983 Scaevola
1821 922 2072 1001 Augur,
2112 921 2288 984 cuius
2319 923 2508 985 filiam
2544 925 2687 985 alte-

711 1046 842 1088 ram
891 1047 1142 1087 uxorem
1194 1026 1347 1088 adeo
1397 1025 1617 1086 habuit
1664 1025 1728 1087 C.
1775 1025 1994 1086 Marius
2028 1026 2218 1087 filius:
2263 1027 2343 1088 cf.
2377 1026 2685 1090 Plutarch.

710 1129 854 1191 Har.
902 1152 965 1210 p.
1016 1130 1156 1191 425.
1206 1130 1267 1191 F.
1307 1129 1634 1209 Glandorp.
1681 1129 1980 1190 onomast.
2031 1128 2204 1192 Rom.
2248 1151 2308 1210 p.
2348 1130 2491 1192 618.
2569 1131 2688 1192 Sed

705 1232 954 1293 videtur
985 1234 1035 1292 is
1065 1233 1321 1312 loquens
1353 1233 1422 1293 in
1450 1208 1721 1294 carmine
1745 1233 2044 1293 ,inductus
2078 1234 2261 1294 fuisse
2293 1254 2330 1295 a
2363 1233 2686 1312 Cicerone,

707 1335 817 1414 qui
843 1334 996 1395 haec
1022 1335 1081 1395 ei
1105 1335 1185 1395 de
1214 1354 1452 1415 quercu
1477 1335 1662 1397 verba
1691 1335 1999 1396 tribuerit.
2051 1334 2171 1396 Ista
2195 1336 2363 1398 enim
2398 1337 2689 1398 Scaevola

707 1439 776 1497 de
821 1441 1041 1519 fratris
1086 1440 1206 1498 mei
1246 1440 1441 1499 Mario
1490 1438 1650 1498 nihil
1696 1437 1867 1499 aliud
1905 1438 2021 1498 sihi
2055 1439 2270 1500 volunt
2291 1485 2311 1516 ,
2345 1440 2464 1499 nisi
2501 1441 2686 1503 Scae·-

709 1543 844 1601 vola
876 1544 946 1601 in
976 1543 1171 1602 Mario
1185 1567 1207 1601 :
1242 1561 1429 1621 quam
1464 1541 2026 1622 interpretationem
2060 1563 2141 1603 ne
2169 1541 2450 1622 pluribus
2476 1542 2683 1604 desen·

705 1644 846 1706 dam
898 1645 1045 1705 facit
1098 1644 1358 1705 Orellius
1413 1645 1478 1703 in
1528 1644 1803 1706 Analect.
1855 1644 1980 1708 Cic.
2023 1666 2162 1726 opp.
2200 1645 2328 1706 vol.
2363 1644 2466 1708 lv.
2497 1645 2564 1707 P.
2597 1645 2682 1707 11.

703 1768 763 1827 p.
811 1746 950 1808 593.
1004 1747 1139 1808 fin.:
1200 1755 1262 1807 et
1314 1747 1779 1808 obscuraverant
1832 1748 1993 1809 hanc
2044 1749 2341 1809 rationem
2398 1748 2683 1809 nonnulli

701 1850 888 1910 codd.
946 1849 1016 1910 in
1063 1852 1226 1911 Orat.
1279 1848 1407 1925 ΙΙΙ,
1448 1848 1561 1926 35,
1607 1850 1742 1912 141.
1824 1850 2037 1928 Addo,
2080 1853 2475 1913 necessariam
2518 1852 2681 1913 hanc

702 1972 829 2012 esse
896 1952 1455 2030 interpretationem
1525 1961 1775 2033 propter
1845 1953 2103 2014 verbum
2172 1957 2282 2015 ait.
2382 1954 2683 2016 Habemus

705 2053 893 2133 igitur
938 2054 1055 2115 hoc
1106 2061 1395 2134 quartum
1442 2054 1658 2133 fragm.
1709 2056 1879 2115 Marii
1925 2057 2223 2135 Tulliani,
2262 2057 2518 2137 reliquis
2569 2057 2683 2118 ad-

703 2156 996 2218 dendum.
1079 2157 1374 2217 Carminis
1420 2157 1607 2237 ipsius
1646 2160 2022 2221 mentionem
2055 2160 2299 2222 Salmas.
2335 2169 2398 2221 et
2432 2161 2678 2223 Casaub.

703 2260 781 2320 de
814 2260 1163 2321 coniectura
1206 2260 1604 2321 restituerunt
1636 2262 1703 2321 in
1730 2262 1867 2324 loco
1895 2272 2183 2343 corrupto
2209 2264 2329 2326 Iul.
2360 2263 2677 2345 Capitolin.

702 2364 987 2425 Gordian.
1030 2364 1089 2425 3.

780 2469 908 2527 nisi
941 2469 1109 2550 sores
1157 2500 1241 2514 —
1293 2479 1483 2529 tenere
1522 2466 1872 2551 potuerunt)
1969 2471 2119 2532 Satis
2178 2491 2347 2534 nunc
2407 2478 2676 2549 constat,

700 2570 912 2650 partic.
963 2572 1091 2630 nisi
1124 2573 1293 2653 sorte
1341 2571 1402 2632 ei
1445 2573 1737 2652 praeponi
1764 2572 2100 2633 sententiae
2115 2618 2134 2648 ,
2173 2593 2335 2653 quae
2369 2574 2680 2636 contineat

697 2674 1138 2734 consectarium
1199 2673 1528 2734 absurdum
1593 2693 1668 2735 ex
1715 2695 1790 2736 eo
1807 2721 1826 2751 ,
1885 2675 2052 2754 quod
2106 2675 2478 2737 adversarius
2537 2686 2680 2738 ante

697 2777 1017 2855 posuisset,
1074 2785 1181 2836 aut
1230 2777 1614 2855 postulasset,
1672 2778 1960 2858 quodque
2011 2778 2097 2838 sic
2148 2778 2367 2841 salsum
2405 2800 2527 2840 esse
2564 2780 2679 2842 de-

695 2888 1082 2940 monstratur.
1165 2880 1234 2941 11.
1265 2879 1307 2940 l.
1320 2925 1339 2955 ,
1376 2880 1548 2940 verbi
1578 2900 1786 2958 causa,
1815 2883 1955 2942 satis
1987 2881 2426 2961 significaverat
2440 2883 2679 2944 Atticus

696 3004 995 3063 quercum
1039 2982 1208 3042 illam
1260 2983 1584 3043 Marianam
1619 2984 1731 3044 diu
1775 3004 2023 3045 manere
2055 3006 2177 3046 non
2213 3006 2399 3065 posse.
2482 2986 2678 3065 Igitur

698 3106 823 3146 non
873 3087 1052 3147 video
1100 3085 1256 3165 quid
1305 3106 1456 3164 opus
1507 3087 1585 3146 sit
1624 3088 1826 3148 nescio
1862 3107 2046 3167 quam
2081 3089 2322 3168 ellipsin
2357 3090 2675 3170 supplere,

699 3190 789 3249 uti
829 3189 1070 3250 volebat
1108 3189 1300 3250 Beier.
1334 3189 1414 3248 ad
1445 3187 1608 3250 offic.
1639 3190 1701 3250 T.
1731 3188 1782 3251 Ι.
1813 3210 1871 3270 p.
1906 3191 2047 3252 254.
2130 3191 2464 3270 Diligenter
2506 3193 2675 3253 illam

694 3293 822 3352 vim
855 3293 1208 3352 enunciavit
1243 3291 1510 3352 Handius
1543 3293 1609 3352 in
1644 3293 1980 3354 Tursellino
2016 3293 2097 3355 11.
2126 3315 2188 3374 p.
2220 3295 2360 3357 737.
2396 3295 2496 3355 13:
2529 3316 2675 3357 cum

698 3397 939 3456 Graecis
972 3396 1185 3474 partic.
1223 3403 1280 3454 εἰ
1314 3399 1393 3472 μή
1426 3396 1688 3456 contulit
1720 3397 2030 3477 Wyttenh.
2069 3397 2147 3457 ad
2180 3397 2486 3460 Plutarchi
2525 3399 2676 3459 Con·

695 3498 867 3559 solat.
922 3496 1001 3558 ad
1034 3497 1232 3576 Apoll.
1269 3517 1329 3577 p.
1371 3497 1486 3559 109
1504 3545 1522 3575 ,
1571 3498 1649 3574 F,
1693 3518 1951 3579 eamque
1999 3500 2386 3561 collationem
2427 3500 2676 3562 Beierus

698 3602 743 3662 l.
781 3620 834 3662 c.
869 3600 1225 3661 cumulavit.
1309 3600 1427 3661 Sed
1453 3602 1730 3663 nondum
1767 3604 1906 3662 satis
1933 3603 2219 3681 castigata
2246 3612 2335 3664 est
2360 3605 2674 3665 Goerenzii

669 3702 1044 3783 ‘praeceptio
1079 3702 1154 3762 ad
1189 3700 1319 3762 Fin.
1356 3702 1413 3777 1,
1454 3703 1564 3778 17,
1600 3703 1680 3764 56
1711 3711 1770 3764 et
1808 3703 1900 3780 Il,
1941 3705 2045 3781 15,
2083 3705 2180 3767 49.
2264 3706 2335 3765 Et
2369 3714 2673 3785 postremo

698 3807 951 3888 quidem
1002 3807 1134 3868 loco
1185 3825 1374 3885 quare
1415 3806 1849 3867 Coniunctivus
1889 3808 2267 3888 requiratur,
2309 3830 2425 3870 nec
2467 3818 2670 3870 tamen

697 3919 1002 3971 evertatur
1050 3916 1440 3990 praeceptum
1491 3909 1570 3971 de
1622 3911 1954 3971 necessario
2006 3911 2341 3973 Indicativo
2381 3921 2514 3992 post
2542 3915 2671 3973 nisi

685 4018 853 4097 soree
903 4015 1160 4076 iunctim
1213 4011 1465 4091 positas,
1508 4021 1570 4073 et
1611 4014 1764 4074 vidit
1799 4015 2092 4092 Orellius,
2136 4025 2199 4075 et
2231 4017 2470 4077 monuit
2502 4015 2671 4076 nad-

701 4117 910 4196 vigius.
1010 4117 1213 4178 Everti
1273 4126 1661 4196 praeceptum
1718 4127 1892 4198 putat
1937 4120 2128 4181 Beier.
2184 4121 2225 4180 l.
2282 4142 2335 4186 c.
2391 4120 2670 4206 exenplo
