3131 5032
1073 454 1214 520 Lm.
1264 453 1354 536 11,
1415 456 1523 535 14,
1574 457 1680 521 36.
2218 455 2343 522 529

479 683 663 743 quum
708 663 892 722 multo
940 663 1161 721 eximio
1210 661 1531 743 divinoque
1584 663 1857 722 videntur
1897 662 2162 722 Athenae
2215 674 2348 722 tuae

385 762 714 847 peperisse)
792 764 1246 841 Coniunctivus,
1289 766 1633 842 videantur,
1673 773 1761 825 est
1801 765 1865 823 in
1896 764 2065 824 libris
2096 764 2352 824 deterio-

395 868 601 944 ribus,
645 887 828 947 quem
866 876 1066 929 tamen
1100 868 1237 929 ideo
1270 888 1393 928 non
1427 868 1686 943 adscivi,
1727 868 2015 948 qnoniam
2051 887 2252 946 neque
2286 868 2350 925 in

395 973 589 1033 altera
627 980 796 1050 parte
827 984 950 1033 tum
983 971 1146 1032 idem
1181 980 1269 1032 est
1302 971 1467 1052 quod
1498 984 1692 1032 tamen
1722 970 1831 1053 (ita
1869 977 1934 1030 ut
1961 991 2140 1050 quum
2172 990 2350 1049 pone·

396 1084 571 1136 retur
607 1095 720 1155 pro
749 1074 907 1157 licet)
925 1121 944 1153 ,
984 1085 1047 1136 et
1077 1084 1197 1139 tota
1242 1075 1589 1136 enunciatio
1621 1075 1699 1134 ita
1734 1074 2015 1153 partitiva
2049 1081 2135 1133 eat
2154 1118 2173 1149 ,
2216 1081 2284 1133 ut
2320 1094 2354 1133 a

397 1180 675 1257 generali
711 1187 940 1239 tantum
975 1178 1295 1240 descendat
1328 1178 1405 1238 ad
1435 1178 1818 1258 particulare.
1897 1176 2209 1238 Diversum
2243 1185 2354 1249 est,

381 1268 511 1342 ⁸ubi
544 1282 615 1343 in
650 1284 836 1343 altera
868 1290 1072 1361 parte,
1112 1293 1234 1342 eum
1268 1283 1512 1358 omissa,
1553 1302 1677 1343 non
1709 1280 2006 1341 dividitur
2033 1279 2356 1354 sententia,

397 1386 560 1447 sient
596 1386 762 1447 Offic.
794 1386 823 1445 1
842 1430 860 1461 ‚
901 1383 975 1460 2,
1018 1384 1092 1459 4,
1131 1405 1310 1465 quum
1345 1387 1528 1447 multa
1555 1388 1679 1445 sint
1708 1418 1815 1460 -‚
1857 1387 2140 1445 latissime
2158 1396 2361 1464 patere

397 1490 686 1549 videntur
721 1509 810 1549 eo.

483 1595 558 1650 in
607 1594 736 1652 oica
779 1591 1077 1651 hominum
1123 1592 1412 1671 anuline)
1489 1593 1622 1653 Non
1669 1593 1863 1653 utitur
1905 1591 2243 1652 accusativo
2273 1590 2367 1671 (in

402 1693 627 1776 vitam)
645 1740 663 1771 ,
721 1694 904 1756 eredo
919 1740 938 1771 ,
993 1702 1304 1775 propterea
1324 1741 1342 1772 ‚
1400 1694 1561 1774 quod
1618 1697 1825 1775 offerre
1872 1702 1958 1753 est
2006 1694 2372 1754 inveniendo

403 1799 675 1877 addere,
717 1817 917 1878 neque
967 1806 1163 1858 motus
1201 1796 1552 1876 significatio
1590 1816 1733 1858 cum
1768 1797 1884 1857 hoo
1919 1798 2052 1857 loco
2083 1797 2371 1876 coniungi

404 1910 625 1984 potest.
717 1901 916 1961 Divin.
962 1901 1027 1978 Ι,
1083 1900 1198 1976 49,
1258 1900 1412 1978 109,
1465 1902 1640 1981 offert
1684 1912 1940 1961 vetustae
1985 1901 2255 1961 omnihua
2304 1902 2373 1958 in

402 2009 584 2068 rebus
607 2039 688 2053 -
716 2006 1119 2067 incredibilem
1146 2007 1475 2066 scientiam.
1556 2004 1743 2064 Aead.
1772 2004 1869 2079 11,
1911 2004 1992 2065 36
2007 2050 2025 2079 ,
2072 2001 2215 2079 117,
2247 2005 2374 2062 vim

408 2113 672 2191 afferunt
721 2110 790 2167 in
839 2109 1111 2169 docendo.
1181 2106 1341 2168 Orat.
1396 2106 1462 2182 I,
1520 2106 1637 2183 33,
1702 2105 1854 2183 152,
1904 2109 1964 2166 si
2008 2108 2079 2164 in
2129 2107 2376 2166 dicendo

410 2213 699 2293 scriptum
741 2213 1020 2271 attulerit.
1101 2210 1316 2271 Contra
1336 2257 1354 2286 ,
1412 2209 1519 2272 ubi
1550 2210 1770 2270 diserte
1804 2217 2001 2271 motus
2035 2209 2372 2269 indicatur:

413 2313 623 2373 Rabir.
658 2312 957 2372 Pei-duell.
994 2312 1067 2386 9,
1108 2312 1223 2388 25,
1272 2333 1591 2392 numquam
1622 2316 1800 2373 istam
1841 2315 2162 2394 imaginem
2189 2345 2273 2358 —
2304 2315 2373 2371 in

412 2426 608 2475 rostra
638 2426 812 2494 atque
845 2417 912 2473 in
948 2416 1286 2474 concionem
1319 2416 1641 2474 attulisset.-
1679 2424 1811 2473 tum
1842 2414 2207 2476 removenda
2236 2424 2376 2474 sunt

413 2538 581 2596 quae
633 2518 757 2578 huc
805 2538 927 2578 non
976 2515 1314 2596 pertinent,
1372 2525 1442 2576 ut
1492 2514 1655 2576 Offic.
1712 2515 1774 2593 Ι,
1835 2518 1900 2592 1,
1967 2516 2024 2591 1,
2086 2538 2262 2597 quam
2298 2518 2377 2577 od

400 2641 537 2682 rem
567 2655 651 2671 —-
682 2641 960 2703 magnum
993 2621 1299 2680 attulimus
1330 2619 1728 2679 adiumentum
1746 2665 1764 2694 ,
1806 2618 1914 2679 ubi
1950 2628 2038 2679 est
2073 2621 2374 2680 adiumen-

401 2735 546 2785 tum
585 2726 666 2784 od
705 2745 860 2797 rem,
900 2742 1024 2783 non
1064 2723 1368 2783 attulimus
1404 2723 1483 2781 od
1515 2744 1652 2782 rem.
1733 2722 1849 2783 Sed
1878 2723 2043 2783 Tunc.
2083 2722 2211 2800 111,
2258 2721 2370 2798 11,

406 2823 536 2901 25,
577 2846 701 2906 qno
736 2827 1011 2906 exemplo
1045 2827 1237 2887 utitur
1265 2824 1545 2900 Moserus,
1588 2828 1656 2884 in
1686 2828 1872 2886 vitam
1900 2826 2188 2905 postulari
2221 2826 2376 2884 mihi

410 2927 662 2989 videtur
694 2937 938 3009 propter
974 2929 1098 3009 ipsa
1130 2929 1314 2989 verba
1338 2928 1634 3011 (immittit
1661 2941 1716 2989 et
1744 2926 2014 3008 incitat),
2044 2937 2106 2989 et
2131 2936 2376 3008 propter

415 3031 880 3093 similitudinem
938 3033 1001 3091 in
1053 3052 1174 3112 qna
1223 3032 1330 3091 ista
1388 3032 1698 3093 dicuntur.
1800 3032 1924 3093 Nee
1956 3033 2079 3093 huc
2113 3034 2377 3112 pertinet

413 3135 548 3197 Fin.
588 3136 674 3213 V,
715 3135 832 3210 30,
875 3135 979 3211 92,
1020 3135 1114 3217 (in
1149 3133 1358 3216 Μαί).-
1399 3144 1530 3195 tum
1578 3136 1796 3196 diversi
1831 3137 2067 3214 generis
2101 3145 2189 3196 est
2222 3137 2373 3208 hoe,

410 3241 481 3299 in
515 3238 714 3299 Plane.
750 3237 867 3315 30,
909 3238 1020 3315 73,
1061 3250 1129 3299 ut
1161 3259 1325 3298 omne
1357 3239 1620 3299 aradium
1656 3261 1846 3298 metam
1881 3241 1950 3296 in
1988 3239 2094 3298 Cn.
2126 3240 2376 3299 Plancii

409 3345 624 3403 honore
677 3362 1102 3417 consumerem,
1161 3341 1327 3421 quod
1371 3342 1529 3402 hene
1584 3349 1788 3402 tuetur
1840 3342 2231 3419 Garatonius;
2287 3349 2375 3402 est

413 3448 580 3506 enim
597 3492 616 3522 ,
670 3465 864 3526 qnnm
915 3445 993 3506 de
1047 3444 1274 3505 Plancii
1327 3445 1556 3506 honore
1606 3446 1926 3524 agebatnr3
1977 3446 2133 3505 sicut
2175 3446 2269 3505 bis
2304 3448 2371 3504 in

419 3546 630 3605 honore
677 3547 902 3607 dicitnr
953 3547 1103 3608 ibid.
1158 3546 1233 3622 9,
1291 3545 1369 3606 23
1388 3592 1408 3622 ,
1456 3566 1575 3625 sq.:
1631 3554 1918 3626 reeteque
1958 3547 2253 3616 ablativus
2285 3557 2373 3608 est

423 3646 831 3729 (dissentiente
879 3651 1103 3711 Orellio
1152 3648 1230 3710 ad
1278 3648 1480 3709 Plane.
1530 3669 1592 3729 p.
1636 3647 1780 3729 316)
1811 3649 1960 3709 Sall.
2001 3648 2111 3725 11,
2154 3650 2267 3725 32,
2310 3664 2374 3712 ut

421 3750 494 3807 in
543 3752 747 3809 ceteris
783 3750 1052 3830 firmaret
1098 3753 1441 3832 imperium,
1485 3753 1525 3811 i.
1561 3771 1653 3826 e.,
1696 3760 1764 3811 ut
1798 3753 2000 3811 minus
2030 3753 2238 3814 Latine
2275 3753 2373 3812 di-

425 3872 562 3913 cam
580 3899 598 3928 ,
638 3853 800 3932 apud
834 3861 1089 3914 eeteros:
1131 3873 1273 3914 nam
1307 3855 1608 3915 obiectum
1642 3857 1973 3916 sententiae
2005 3865 2093 3915 est
2124 3858 2195 3914 in
2231 3868 2375 3916 cete·

417 3959 538 4032 ria,
594 3976 717 4017 non
769 3957 1080 4036 imperium
1126 3958 1337 4037 ipsum.
1418 3957 1622 4018 Livius
1659 3957 1738 4033 V,
1785 3959 1896 4033 11,
1944 3958 2057 4033 16,
2086 3969 2373 4038 potestate

419 4061 517 4120 uti
565 4059 633 4117 in
680 4059 901 4138 aliquo.
997 4057 1081 4119 Ex
1143 4058 1437 4120 Arusiano
1500 4059 1734 4120 Coi-tius
1779 4059 1845 4118 in
1896 4058 2108 4118 salust.
2158 4058 2369 4122 Hister.

426 4164 637 4241 fragm.
676 4161 739 4236 1,
771 4181 833 4241 p.
851 4160 1002 4237 935,
1031 4170 1192 4222 recte
1218 4162 1459 4224 videtur
1487 4162 1771 4236 edidisse,
1805 4183 2051 4242 quorum
2082 4165 2151 4221 in
2172 4167 2373 4244 gratio

2026 4265 2102 4324 34
