3131 5032
1242 442 1382 507 Lm.
1433 442 1492 525 1,
1554 445 1622 524 1,
1677 447 1735 509 4.
2327 444 2452 511 277

579 651 856 712 nonnulli
913 652 1020 709 isti
1088 650 1216 709 Tite
1274 646 1491 728 noster)
1593 647 1774 708 Codd.
1827 648 1934 707 alii
1984 650 2289 724 nonnulli,
2350 651 2453 709 alii

497 758 607 815 isti
639 756 961 831 omittunt;
1006 753 1109 812 alii
1155 773 1360 813 rursus
1393 759 1633 812 servant
1665 760 1993 831 utrumque
2012 798 2030 826 ,
2071 760 2265 811 recte:
2313 773 2455 812 nam

496 858 770 917 nonnulli
804 876 947 916 cum
982 856 1244 935 quadam
1291 854 1773 935 reprehensionis
1805 854 2237 933 significatione
2272 855 2454 916 itera-

500 969 617 1021 tur.
698 960 795 1019 Sic
832 959 897 1017 in
932 958 1088 1017 Sext.
1129 957 1246 1035 45,
1285 958 1401 1033 97,
1442 958 1576 1017 init.
1614 957 1956 1034 vindicavi,
2003 961 2140 1039 quis
2174 978 2308 1040 ergo
2342 961 2453 1020 iste

500 1064 751 1144 optimus
790 1062 1080 1141 quisque?
1120 1060 1317 1122 Schol.
1339 1061 1631 1141 Hypomn.
1667 1059 1716 1120 I.
1746 1080 1806 1139 p.
1842 1060 1975 1122 106.
1994 1093 2077 1106 -
2102 1063 2232 1122 Tite
2260 1073 2455 1121 noster

496 1166 663 1246 quod
714 1163 916 1239 edidi,
955 1173 1195 1224 secutus
1243 1184 1377 1223 sum
1424 1183 1546 1223 non
1581 1164 1783 1222 minus
1816 1162 2095 1223 affectum
2135 1165 2454 1239 maiorem,

496 1269 607 1347 qui
657 1267 723 1327 in
775 1267 890 1327 hac
940 1266 1320 1346 responsione
1365 1265 1584 1326 decere
1635 1265 1911 1341 videtur,
1968 1285 2152 1345 quam
2201 1267 2454 1345 optimos

495 1369 681 1431 libros
720 1390 901 1430 meos.

577 1477 647 1532 in
684 1475 800 1533 isto
827 1470 1124 1553 periculo)
1202 1472 1262 1531 Si
1298 1491 1439 1532 vera
1469 1481 1611 1531 sunt
1645 1491 1713 1532 ea
1732 1517 1750 1546 ,
1790 1491 1947 1550 quae
1981 1491 2160 1550 supra
2193 1472 2271 1531 de
2306 1480 2451 1532 tem-

498 1595 645 1655 pore
687 1575 896 1656 scripti
945 1576 1112 1634 Marii
1163 1574 1464 1654 disputavi
1483 1620 1501 1650 ‚
1542 1574 1818 1633 Lambini
1855 1582 1917 1634 et
1954 1573 2239 1651 Scaligeri
2275 1575 2454 1633 inter-

500 1679 752 1758 pretatio
770 1726 788 1756 ,
849 1687 917 1738 ut
965 1678 1196 1756 ingenii
1249 1677 1632 1757 periclitandi
1675 1696 1853 1737 causa
1889 1696 2130 1736 carmen
2164 1678 2452 1756 scriptum

493 1780 715 1857 suerit,
756 1781 999 1861 probari
1048 1779 1152 1840 vix
1195 1781 1436 1860 poterit.
1518 1779 1869 1855 Praeterea,
1908 1780 2045 1838 satis
2078 1778 2351 1839 indicant
2383 1800 2454 1841 ea

494 1904 651 1964 quae
681 1885 1089 1945 subiiciuntur
1107 1928 1127 1959 ,
1167 1904 1293 1943 non
1325 1882 1404 1942 de
1440 1890 1564 1943 toto
1597 1881 1867 1942 carmine
1901 1882 2262 1962 respondere
2291 1882 2451 1943 Cice-

493 2008 737 2066 renem,
795 1986 900 2049 sed
951 1985 1031 2046 de
1084 1986 1193 2075 illo
1239 1994 1544 2065 portento,
1592 1985 1768 2045 cuius
1823 1985 2002 2045 modo
2036 1986 2264 2045 mentio
2297 1985 2455 2046 facta

493 2100 645 2150 erat:
709 2089 1043 2168 eademque
1093 2088 1172 2149 de
1227 2108 1402 2149 causa
1418 2135 1436 2164 ,
1497 2087 1547 2148 si
1600 2089 1699 2148 vel
1754 2088 1999 2148 omnino
2037 2087 2185 2147 ferri
2225 2097 2452 2167 posset,

493 2193 725 2253 Ernesti
788 2191 1122 2253 reiicienda
1177 2199 1265 2252 est
1331 2192 1746 2270 interpretatio
1764 2236 1782 2266 ‚
1843 2198 1912 2249 ut
1955 2191 2293 2271 periculum
2345 2212 2456 2271 pro

494 2293 705 2354 libello
752 2292 1109 2371 accipiatur:
1164 2291 1328 2371 quod
1373 2292 1620 2352 sensisse
1664 2291 1847 2353 credo
1876 2292 2415 2373 wyttenbachium
2429 2340 2451 2370 ,

496 2398 607 2476 qui
637 2396 898 2474 corrigat
931 2396 1240 2457 versiculo,
1327 2396 1649 2475 Opusculffi
1682 2395 1850 2474 quod
1876 2395 2103 2455 habent
2129 2395 2454 2456 deteriores

497 2501 653 2578 mei,
711 2520 878 2561 mera
929 2500 1221 2561 eorrectio
1239 2546 1257 2576 ‚
1315 2520 1508 2579 eaque
1561 2500 1769 2577 inepta
1818 2507 1923 2560 est.
2015 2500 2159 2559 Mihi
2205 2500 2455 2580 quidem

496 2604 619 2665 duo
669 2603 970 2682 exempla,
1029 2603 1252 2682 quibus
1307 2622 1449 2663 mox
1497 2623 1560 2663 se
1613 2602 1887 2663 defendit
1939 2602 2146 2664 Cicero
2163 2649 2181 2678 ‚
2238 2623 2454 2682 cogere

496 2707 781 2767 videntur
796 2752 815 2782 ,
874 2713 945 2765 ut
989 2706 1107 2767 hoc
1159 2706 1292 2766 loco
1325 2705 1589 2784 prodigii
1621 2705 1994 2766 mentionem
2029 2706 2247 2766 factam
2286 2706 2454 2768 dica-

497 2830 665 2888 mus;
708 2809 1100 2890 proximeque
1134 2808 1214 2868 ad
1247 2808 1739 2888 depravationem
1769 2810 2048 2870 vocabuli
2075 2809 2455 2884 accedemus,

500 2913 712 2992 opinor
730 2959 748 2989 ‚
782 2914 832 2972 si
865 2913 1123 2991 legimus
1155 2914 1225 2970 in
1265 2914 1381 2972 ista
1421 2912 1729 2971 miraculo.

578 3036 700 3076 non
725 3027 791 3075 ut
814 3036 851 3075 a
868 3027 1068 3096 poeta,
1085 3017 1190 3075 sed
1207 3026 1276 3076 ut
1301 3037 1340 3075 a
1359 3027 1498 3075 teste
1528 3016 1834 3074 veritatem
1862 3011 2130 3095 exigant)
2169 3015 2455 3091 Zeugma,

497 3121 564 3179 in
598 3139 723 3199 quo
765 3119 967 3198 priora
1009 3119 1094 3178 sic
1129 3118 1459 3198 explenda,
1499 3139 1620 3177 non
1645 3130 1714 3178 ut
1748 3140 1787 3178 a
1803 3129 1983 3198 poeta
2013 3118 2454 3177 delectationem

492 3234 859 3304 exspectant.-
916 3221 1023 3282 sed
1071 3222 1322 3282 'errabat
1387 3222 1749 3282 Hotomanus
1767 3268 1786 3297 ‚
1845 3221 1952 3301 qui
2019 3220 2128 3280 tali
2192 3220 2457 3299 quodam

491 3325 674 3387 modo
706 3323 1134 3402 corrigendum
1169 3325 1435 3404 putabat.
1519 3324 1682 3385 Offic.
1720 3325 1782 3400 1,
1827 3324 1937 3400 25,
1972 3323 2052 3385 88
2085 3324 2456 3384 animadver-

490 3430 578 3490 sio
622 3437 686 3489 et
725 3429 1034 3507 castigatio
1077 3428 1366 3489 dicuntur
1400 3448 1524 3488 non
1561 3428 1785 3489 debere
1822 3429 1902 3487 ad
1935 3429 2064 3488 eim
2081 3474 2099 3504 ,
2141 3430 2250 3508 qui
2276 3430 2455 3508 puni-

494 3544 592 3593 nur
638 3533 899 3611 aliquem
945 3542 1051 3591 aut
1091 3532 1284 3591 verbis
1304 3533 1583 3614 fatigat,
1624 3533 1727 3592 sed
1756 3533 1835 3590 ad
1867 3534 1958 3591 rei
1983 3533 2261 3613 publicae
2291 3534 2459 3591 utili-

496 3646 672 3694 tatem
703 3636 949 3716 referri.-
989 3635 1097 3693 ubi
1134 3654 1259 3694 non
1291 3635 1536 3714 agnovit
1571 3635 1817 3696 Beierus
1850 3637 1915 3694 in
1950 3636 2254 3715 prioribus
2283 3636 2459 3695 intel-

496 3736 810 3815 ligendum
875 3757 1034 3813 esse,
1092 3738 1172 3797 ad
1220 3739 1350 3798 eius
1400 3740 1510 3818 qui
1557 3741 1821 3818 punitur
1873 3740 2131 3818 aliquem
2183 3740 2307 3798 irae
2354 3750 2460 3798 aut

496 3841 797 3901 vindictae
871 3843 1256 3922 eapletionem
1273 3887 1290 3917 ‚
1361 3843 1853 3922 satisfactionem.
1954 3841 2026 3900 Et
2087 3849 2251 3901 ortae
2317 3850 2456 3898 sunt

495 3943 641 4004 hinc
707 3964 1162 4024 nonnumquam
1215 3945 1701 4024 interpolationes
1727 3992 1745 4021 ,
1805 3953 1877 4003 ut
1929 3943 2130 4002 Plano.
2192 3941 2297 4015 10,
2351 3940 2450 4002 26.

494 4051 827 4130 confectam
861 4056 992 4127 post
1013 4050 1437 4130 fluctibusque.
1523 4050 1674 4109 Cum
1704 4049 2001 4129 praesenti
2028 4048 2164 4106 loco
2193 4046 2452 4105 maxime

493 4153 777 4214 convenit
830 4151 1032 4213 Livius
1084 4152 1206 4226 111,
1260 4152 1364 4229 40,
1421 4151 1485 4229 4,
1525 4155 1584 4213 si
1619 4175 1655 4215 a
1694 4153 2019 4212 volentibus
2053 4162 2332 4229 nequeat,
2375 4149 2450 4207 ab
