3131 5032
1122 435 1266 502 Lm.
1312 434 1410 518 11,
1459 437 1584 517 23,
1628 439 1737 504 59.
2276 441 2405 505 567

435 662 470 702 a
507 642 835 705 Goerenzio
866 641 945 701 ad
987 640 1118 702 Fin.
1159 639 1221 699 11
1245 686 1263 717 ,
1299 639 1381 700 22
1394 685 1413 715 ,
1451 639 1574 716 74,
1613 639 1722 700 ubi
1768 646 1970 699 tamen
2015 640 2174 702 bene
2205 644 2408 723 inquit

433 763 469 803 a
483 743 779 822 Madvigio
796 740 1153 802 restituitur:
1170 740 1275 800 sed
1292 761 1403 819 pro
1421 740 1645 821 plurali
1665 742 1915 820 ponitur
1931 742 2279 820 di01·t,Ve1-r.
2293 744 2408 822 111,

431 845 548 920 75,
594 844 732 905 175.
767 877 848 892 --
883 843 1045 922 Opus
1094 843 1420 917 acciacum,
1461 850 1524 902 et
1554 843 1665 902 sub
1704 844 1871 903 ascia
1908 865 2053 923 opus
2098 845 2404 922 dedicare,
2456 864 2463 869 ’

428 946 765 1008 locutiones
795 944 1176 1005 illustrantur
1208 964 1244 1004 a
1277 945 1581 1005 Gronovio
1609 944 1773 1005 Lect.
1797 943 1991 1007 Plaut.
2023 966 2083 1026 p.
2113 946 2226 1009 36:
2271 956 2404 1009 tum

430 1050 627 1127 ipsum
675 1048 863 1127 polire
900 1045 1024 1107 dici
1073 1045 1254 1105 etiam
1305 1044 1384 1104 de
1431 1064 1616 1124 opere
1664 1044 1893 1106 albario
1914 1091 1935 1122 ‚
1980 1047 2078 1107 vel
2117 1051 2405 1127 tectorio,

429 1150 608 1212 docet
645 1149 972 1209 Ruhnken.
1014 1148 1093 1208 ad
1134 1147 1286 1210 Vell.
1328 1147 1454 1208 Pat.
1497 1147 1600 1223 11,
1641 1147 1759 1223 22,
1800 1148 1859 1210 4.

510 1255 698 1315 nostis
724 1274 874 1332 qaae
907 1248 1256 1331 sequuntur)
1333 1249 1418 1310 De
1447 1251 1561 1311 hac
1601 1251 2137 1330 interrumpendae
2182 1254 2401 1318 oratio·

426 1356 523 1416 nis
552 1354 813 1416 formula
832 1399 851 1429 ,
892 1353 1153 1414 Orellius
1186 1353 1428 1412 Excurs.
1460 1351 1540 1412 VI
1574 1352 1653 1413 ad
1684 1352 2107 1417 Plancianum:
2151 1365 2211 1417 et
2244 1378 2399 1419 eou-

427 1458 685 1532 tinuari,
715 1455 887 1516 velut
908 1463 1034 1533 post
1058 1454 1476 1534 parenthesin,
1500 1454 1834 1515 orationem
1864 1456 2064 1517 verbis
2088 1471 2399 1523 extenuato

426 1562 653 1641 igitur,
711 1578 954 1619 neeesse
1004 1566 1128 1634 est,
1189 1556 1476 1636 quoniam
1529 1558 1710 1618 modo
1749 1566 1810 1617 et
1846 1558 1925 1618 de
1976 1569 2181 1621 sumtu
2228 1570 2292 1623 et
2322 1561 2402 1623 de

425 1660 858 1722 lamentatione
895 1660 1100 1722 dicere
1136 1660 1510 1736 instituerat,
1550 1679 1716 1719 nunc
1752 1661 2063 1723 instaurat.

508 1774 1126 1826 extenuato—eunuco
1141 1764 1333 1824 tribus
1350 1761 1625 1844 riciniis)
1681 1762 2002 1843 Pet-peram
2032 1766 2142 1826 ista
2168 1766 2246 1826 ab
2264 1767 2403 1828 Edi·

426 1864 657 1926 toribus
683 1870 1037 1941 separantur
1068 1866 1362 1942 ὑποςιγμῇ
1394 1871 1524 1942 post
1551 1875 1768 1925 sumtu.
1849 1866 2093 1926 Sumtus
2127 1880 2403 1931 extenua·

424 1978 520 2028 tu
567 1977 655 2027 est
697 1968 888 2027 trihus
923 1967 1202 2039 riciniis,
1245 1967 1285 2026 i.
1323 1985 1378 2026 e.
1415 1973 1486 2026 ut
1523 1964 1640 2026 tria
1683 1973 1917 2027 tantum
1956 1968 2172 2030 ricinia
2207 1971 2401 2032 relin-

422 2077 789 2150 querentur:
848 2068 928 2129 de
978 2087 1106 2147 quo
1151 2068 1433 2129 Ablativo
1487 2067 1613 2131 vid.
1669 2088 1850 2147 supra
1900 2071 1979 2130 ad
2012 2072 2079 2146 1,
2119 2071 2236 2149 21,
2278 2074 2397 2136 54:

424 2193 628 2253 neque
658 2179 801 2234 sunt
828 2172 980 2232 haec
1011 2172 1139 2251 ipsa
1172 2172 1354 2232 verba
1387 2172 1557 2249 legis.
1644 2172 1906 2234 Vincula
1924 2196 2224 2255 purpurae
2254 2188 2399 2240 sunt

421 2276 672 2338 vincula
738 2276 1114 2336 riciniorum.
1211 2275 1491 2335 Ceterum
1545 2275 1702 2335 mihi
1766 2296 2012 2356 quoque
2065 2279 2251 2358 Lipaii
2306 2282 2399 2342 in·

422 2377 773 2456 terpretatio
824 2377 1025 2454 placet
1073 2394 1219 2454 prae
1253 2376 1697 2436 Raevardiana:
1742 2376 1819 2436 de
1854 2380 2216 2442 mulieribus
2253 2403 2395 2446 mox

422 2479 688 2557 dicitur,
725 2497 988 2559 quarum
1028 2477 1270 2556 propria
1309 2485 1438 2538 erat
1478 2478 1839 2539 lamentatio.

500 2604 646 2643 me
664 2583 875 2642 houm
893 2616 970 2633 «-
987 2578 1260 2658 habento)
1299 2580 1558 2640 Bentleii
1589 2581 1975 2641 coniecturae
2000 2561 2064 2642 in
2084 2604 2260 2646 versu
2276 2586 2393 2647 Eu·

420 2684 874 2761 niano,Tunc.1
894 2729 913 2758 ,
943 2683 1022 2745 49
1042 2728 1061 2759 ,
1101 2683 1245 2758 117,
1268 2683 1520 2764 (funem
1550 2682 1813 2763 laesum),
1839 2683 1957 2745 hoc
1974 2684 2194 2764 obstat,
2222 2689 2392 2768 quod

418 2789 504 2851 ita
524 2796 703 2869 poeta
730 2787 1122 2847 renunciaret
1150 2785 1253 2861 iis,
1282 2806 1440 2865 quae
1464 2787 1589 2864 ipw
1617 2785 1751 2864 lege
1776 2786 2010 2849 sublata
2042 2798 2249 2849 erant:
2282 2792 2390 2852 wd

401 2894 619 2974 fletam
682 2890 1165 2969 propinquorum
1230 2896 1338 2949 aut
1405 2888 1775 2965 mulierum,
1833 2889 1971 2968 quis
2025 2891 2384 2969 prohibeat?

412 2994 697 3074 Expressa
759 3000 901 3052 sunt
960 2991 1113 3051 haec
1164 2990 1244 3051 de
1293 2992 1535 3051 Graecis
1594 2990 1856 3066 Solonis,
1916 3001 1986 3053 ut
2031 3003 2172 3056 sunt
2217 2997 2388 3075 apud

408 3095 837 3169 Plutarchum,
881 3097 950 3154 τό
981 3100 1228 3172 θρηνεῖν
1260 3096 1626 3170 πεποιημένα
1659 3101 1759 3153 καὶ
1794 3098 1862 3154 τὸ
1891 3103 2162 3160 κωκύειν.
2244 3101 2384 3161 Les·

403 3220 536 3259 eum
588 3199 798 3259 haben
850 3197 1111 3276 explicat
1150 3197 1487 3258 Gronovius
1520 3197 1681 3258 Lect.
1719 3195 1910 3258 Plaut.
1945 3218 2008 3278 p.
2041 3199 2182 3262 362.
2262 3202 2383 3264 Sed

404 3301 521 3363 alia
541 3348 559 3377 ,
619 3300 1055 3377 moderatiora,
1113 3301 1179 3360 in
1230 3308 1504 3360 veterum
1555 3299 1844 3360 institutis
1890 3300 2074 3362 fuisse
2091 3346 2110 3378 ,
2151 3304 2379 3368 diserte

403 3410 654 3466 testatur
707 3405 943 3465 Tacitus
990 3402 1208 3464 Annal.
1263 3402 1352 3463 Ill
1377 3447 1396 3478 ,
1453 3404 1512 3463 5.
1561 3433 1644 3448 —
1687 3401 1881 3462 Sicuti
1913 3423 2055 3464 mox
2088 3405 2375 3471 dissensio
2461 3397 2475 3407 ’

400 3516 682 3566 narratur
731 3505 811 3566 ‹le
859 3506 996 3585 lege
1039 3527 1128 3567 ιιι
1179 3506 1303 3566 tab.
1322 3551 1341 3581 ,
1380 3504 1466 3565 ita
1498 3512 1774 3565 veterum
1808 3504 2272 3586 discrepantiam
2305 3512 2375 3573 in

400 3606 539 3674 iure
562 3607 813 3685 publico
840 3607 1292 3686 interpretando
1315 3617 1612 3668 memorat
1636 3605 1847 3670 Livius
1862 3608 1986 3686 111,
2017 3613 2127 3687 55,
2154 3612 2212 3674 8.
2236 3634 2368 3696 sqq.

480 3722 548 3769 sa
595 3728 713 3768 voa·
763 3710 894 3787 ipsa
943 3708 1278 3790 signifieat)
1368 3709 1626 3771 Videtur
1678 3711 1950 3772 indicare
1995 3714 2207 3775 lessam
2238 3736 2363 3779 esse

399 3811 1067 3887 ὀνυμαιοπεποιημὲνον.
1151 3810 1326 3885 Quod
1370 3831 1446 3872 ex
1495 3812 1736 3890 hgom.
1791 3812 1868 3873 10
1911 3823 2222 3876 enotatum
2276 3828 2363 3878 est

391 3913 619 3997 fingat,
646 3932 761 3992 pro
786 3910 1091 3993 significat
1108 3957 1126 3986 ,
1166 3911 1392 3975 factum
1425 3914 1555 3978 sine
1590 3915 1782 3978 dubio
1812 3934 1888 3976 ex
1916 3919 2154 3998 signas,
2194 3938 2356 3980 com·

389 4015 617 4097 pendio
655 4033 835 4075 verae
872 4012 1165 4076 lectionis.
