3131 5032
705 385 835 453 558
1385 379 1531 447 Lm.
1576 378 1666 466 11,
1714 381 1832 465 22,
1881 384 1983 445 55.

703 592 805 652 ke.
839 622 917 637 —
942 589 1169 650 Rursus
1192 594 1357 649 reeta
1380 587 1532 648 ratio
1558 585 1819 666 postulat
1844 587 1991 665 quia
2023 583 2355 644 recidentur
2378 586 2626 646 mortuis
2641 629 2660 660 ,

705 713 924 773 nempe
977 693 1120 752 illae
1168 690 1390 767 feriae,
1449 690 1491 751 i.
1543 709 1599 750 e.
1656 710 1766 768 per
1814 688 1948 748 illas
1996 686 2313 748 residetur.
2347 720 2427 732 —
2460 689 2662 763 Quum

703 804 907 856 autem
958 796 1108 856 dicit
1151 797 1346 875 feriae
1389 796 1852 875 appellarentur,
1911 791 2248 871 significare
2299 792 2542 853 videtur
2594 789 2662 853 in

702 900 831 977 ipso
864 901 1171 980 seriarum
1217 897 1464 959 nomine
1516 896 1761 955 divinae
1809 896 2108 974 opinionis
2134 893 2437 954 iudicium
2466 894 2663 956 eonti-

700 1002 855 1062 neri.
909 1035 989 1047 —
1041 1002 1187 1060 Nisi
1244 1003 1494 1060 maiores
1544 1032 1626 1044 —-
1674 1001 2029 1075 voluissent,
2090 998 2516 1059 demonstratio
2576 1006 2664 1059 est

699 1100 1164 1162 immortalitatis
1215 1100 1556 1160 animorum
1609 1120 1684 1160 ex
1734 1100 2040 1179 pontificio
2094 1099 2230 1160 iure
2246 1145 2264 1176 ,
2306 1120 2428 1179 qua
2467 1102 2663 1161 utitur

699 1206 882 1266 etiam
917 1206 1083 1264 Tuse.
1117 1204 1187 1278 1,
1232 1203 1345 1279 12,
1385 1203 1487 1264 27.
1569 1203 1851 1263 Ceterum
1898 1205 1948 1263 si
1988 1203 2168 1263 serias
2207 1211 2268 1263 et
2299 1203 2658 1281 parentalia,

692 1328 814 1370 non
867 1317 1071 1367 tamen
1115 1306 1580 1385 supplicationes
1626 1308 1878 1367 mortuis
1914 1306 2261 1367 tribuendas
2291 1326 2415 1366 este
2447 1313 2659 1367 monet

693 1410 953 1490 Philipp.
995 1408 1025 1468 l
1049 1454 1067 1483 ‚
1106 1409 1183 1486 6,
1229 1409 1325 1471 13.

781 1515 914 1589 ius,
955 1524 1023 1572 ut
1067 1533 1252 1592 nequo
1294 1514 1524 1593 ipsius,
1563 1531 1750 1591 neque
1792 1511 2068 1592 publicae
2086 1513 2291 1592 serias
2323 1507 2472 1590 tint)
2550 1510 2663 1571 Re·

699 1617 880 1696 quiro
917 1617 1016 1675 ius
1065 1627 1185 1691 ent,
1236 1628 1304 1676 ut
1351 1640 1464 1673 —.·
1514 1614 1804 1675 facillime
1846 1626 1931 1674 est
1971 1615 2317 1693 absorptum
2353 1621 2443 1673 est
2471 1622 2602 1693 post
2633 1637 2666 1674 ε

701 1727 764 1780 et
798 1739 964 1798 sequ.
999 1731 1085 1779 ut.
1123 1749 1208 1764 —
1252 1718 1585 1797 Madvigius
1622 1718 1700 1778 ad
1727 1717 1854 1778 Fin.
1888 1717 1948 1792 l,
1988 1716 2095 1792 20,
2136 1716 2236 1777 67.
2270 1735 2331 1795 p.
2373 1716 2517 1793 125,
2547 1717 2667 1777 hoe

702 1822 1050 1901 exemplum
1103 1820 1346 1903 (ipsius)
1397 1823 1465 1881 in
1514 1821 1590 1883 iis
1638 1829 1954 1895 numerat,
2012 1821 2080 1880 in
2126 1819 2349 1899 quibus
2388 1838 2662 1899 pronum.

700 1928 827 2007 ipse
853 1925 984 2006 (aut
1011 1925 1194 1985 etiam
1225 1923 1608 2004 reflexivum)
1644 1923 1907 1984 refertur
1933 1923 2010 1983 ad
2043 1942 2356 2001 personam
2380 1924 2667 1984 latentem

702 2028 958 2089 aetionis
968 2054 986 2106 3
1044 2029 1232 2107 igitur
1281 2049 1405 2088 non
1462 2048 1612 2106 opus
1670 2047 1795 2086 esse
1845 2027 2295 2106 Wyttenbaehii
2342 2027 2666 2088 eorrectio-

699 2151 813 2206 ne,
856 2134 1057 2192 unius.
1127 2132 1324 2209 Igitur
1351 2130 1823 2209 intelligendum
1857 2131 1941 2190 sie
1975 2131 2271 2190 institutas
2305 2130 2487 2190 fuisse
2531 2130 2666 2189 illas

698 2233 910 2310 serias,
968 2241 1039 2294 ut
1085 2254 1287 2314 neque
1341 2236 1472 2295 eius
1527 2233 1832 2311 familiae,
1888 2253 2046 2312 quae
2094 2242 2327 2312 ageret,
2386 2235 2665 2314 propriae

699 2346 928 2414 essent,
979 2357 1181 2416 neque
1234 2346 1436 2397 tamen
1471 2337 1788 2417 publicae,
1829 2336 1934 2395 sed
1975 2337 2247 2396 omnium
2285 2338 2663 2397 funestarum

698 2439 1070 2501 familiarum
1097 2460 1465 2502 communes.
1508 2441 1682 2516 Quod
1696 2429 2056 2501 Goerenzius
2075 2441 2479 2518 commendat,
2493 2463 2566 2500 ne
2582 2472 2666 2486 -

697 2566 843 2605 neve
865 2545 1143 2605 vitiosum
1173 2552 1260 2605 est
1295 2554 1610 2625 propterea
1629 2591 1647 2622 ,
1679 2545 1967 2625 quoniam
1996 2566 2111 2605 neu
2141 2554 2203 2605 et
2229 2567 2370 2605 neve
2399 2566 2517 2606 non
2545 2546 2669 2606 uisi

701 2649 767 2707 in
791 2647 1048 2708 vetando
1062 2656 1375 2727 ponuntur
1393 2672 1407 2707 :
1431 2657 1590 2723 tum,
1613 2647 1780 2727 quod
1797 2650 2097 2709 contraria
2112 2658 2497 2729 opponuntur
2508 2648 2667 2731 (pri-

700 2762 872 2811 vasae
921 2759 983 2810 et
1021 2750 1352 2834 publicas),
1391 2752 1722 2812 necessario
1756 2752 2089 2830 requiritur
2120 2773 2306 2832 neque
2334 2785 2414 2798 —
2442 2774 2668 2833 neque.-

700 2861 832 2913 tum
873 2853 993 2914 alia
1041 2853 1197 2914 ratio
1244 2863 1332 2914 est
1378 2874 1570 2933 quare
1610 2854 1675 2915 h.
1720 2854 1761 2914 1.
1813 2866 1879 2914 ut
1914 2875 2034 2913 non
2067 2854 2158 2936 (in
2190 2857 2563 2936 oppositione
2598 2869 2668 2918 we

696 2955 908 3036 neque)
953 2958 1186 3036 potius,
1243 2977 1426 3037 quam
1481 2970 1550 3018 ut
1598 2978 1671 3016 ne
1715 2964 1925 3037 aptum
1974 2957 2084 3036 sit,
2124 2958 2202 3018 de
2242 2979 2363 3038 qua
2398 2960 2668 3021 breviter

699 3061 1006 3140 praecepit
1044 3061 1372 3140 Madvigius
1409 3061 1486 3120 ad
1526 3061 1656 3122 Fin.
1698 3080 1759 3139 p.
1803 3061 1939 3121 165.

781 3163 1261 3244 quemadmodum
1302 3184 1367 3223 oe
1401 3168 1680 3224 reiectum
1716 3176 1900 3225 terrae
1945 3162 2271 3246 obtegatur)
2349 3165 2479 3226 Non
2514 3174 2669 3245 puto

698 3269 978 3328 reiectum
996 3314 1016 3344 ‚
1054 3267 1222 3348 quod
1255 3287 1464 3328 omnes
1495 3268 1637 3327 libri
1666 3274 1948 3343 tuentur,
1990 3266 2238 3328 defendi
2270 3288 2465 3348 posse,
2504 3268 2670 3328 salli·

698 3389 822 3450 que
864 3371 1213 3431 Turnebum
1262 3371 1538 3432 existimo
1586 3371 1696 3450 qui
1747 3372 2210 3450 interpretatur,
2250 3373 2540 3431 reiectum
2593 3372 2669 3432 in

702 3481 959 3551 terram,
1017 3473 1324 3534 redditum
1377 3483 1592 3536 terrae.
1691 3474 1996 3535 Facillima
2048 3476 2342 3537 correctio
2384 3484 2472 3535 est
2506 3497 2668 3537 mse-

702 3587 860 3636 otum
876 3621 894 3651 ,
925 3577 1093 3656 quod
1119 3576 1282 3636 idem
1310 3586 1396 3637 est
1423 3586 1606 3657 atque
1630 3590 1931 3658 exceptum
1961 3577 2126 3658 apud
2142 3578 2467 3640 Varronem
2484 3580 2547 3640 L.
2566 3580 2666 3657 L,

701 3678 877 3740 euius
925 3679 1129 3740 locum
1186 3682 1459 3760 apposuit
1493 3681 1855 3743 Goerenzius
1886 3683 2127 3744 Excurs.
2165 3683 2221 3742 1:
2266 3692 2395 3743 tum
2441 3683 2666 3763 corrig.

699 3792 870 3843 tem.

784 3907 1045 3967 quaeque
1072 3888 1143 3945 in
1160 3907 1347 3967 porca
1367 3899 1666 3948 contracta
1690 3891 1826 3949 iura
1854 3888 2001 3970 cim)
2059 3889 2220 3950 Bene
2245 3888 2402 3950 vidit
2415 3889 2671 3951 Rathius

706 4009 831 4051 non
861 3991 999 4050 iura
1015 4036 1034 4066 ‚
1072 3990 1176 4051 sed
1195 4011 1440 4072 porcam
1476 3992 1773 4069 contrahi,
1815 3999 1885 4052 ut
1909 3993 1951 4074 §
1983 3992 2082 4055 57.
2117 3992 2220 4054 fin.
2249 3993 2510 4054 dieitur:
2552 3994 2666 4072 igi·

706 4100 809 4152 tur
839 4112 1040 4153 sensus
1074 4102 1196 4168 est,
1237 4114 1396 4174 quae
1427 4095 1561 4156 iura
1597 4103 1659 4156 et
1686 4096 2087 4159 caerimoniae
2118 4097 2239 4157 sint
2269 4105 2399 4158 tum
2418 4144 2437 4173 ,
2466 4117 2662 4176 quum
