3131 5032
1415 497 1516 572 83

583 713 920 784 Donum
976 733 1083 782 ne
1131 710 1543 809 capiunto
1594 727 1807 784 neve
1862 709 2169 809 danto,
2217 733 2432 791 neve

485 828 865 930 petenda
910 852 1126 903 neve
1171 828 1551 929 gerenda
1598 850 1815 905 neve
1860 848 2106 932 gesta
2143 851 2431 936 potes*

487 963 702 1023 tate:
754 948 990 1048 quod
1040 953 1240 1048 quis
1297 970 1589 1023 earum
1633 974 1920 1025 rerum
1958 957 2435 1054 migrassit,

486 1074 785 1144 noxiae
819 1094 1096 1170 poena
1132 1094 1285 1170 par
1318 1084 1525 1142 esto.

580 1195 1004 1263 Censores
1052 1187 1301 1262 fidem
1334 1195 1357 1235 ¹
1417 1189 1697 1289 legem
1731 1195 1763 1236 ²
1830 1190 2435 1266 custodiunto:

490 1314 820 1410 privati
852 1309 954 1383 ad
990 1333 1141 1383 eos
1180 1323 1378 1382 acta
1415 1308 1916 1402 referunto,
1957 1335 2117 1385 nec
2143 1337 2247 1386 eo
2272 1338 2438 1387 ma-

485 1434 615 1529 gis
662 1429 855 1530 lege
901 1428 1161 1502 liberi
1204 1442 1524 1502 sunto..

580 1554 732 1623 Lex
781 1553 1074 1622 recitata
1120 1563 1258 1621 est:
1308 1547 1678 1620 discedere
1721 1564 1788 1639 ⁸,
1833 1562 1910 1621 et
1949 1548 2287 1624 tabellam
2328 1554 2439 1624 iu*

483 1667 682 1743 bebo
714 1667 893 1741 dari.
990 1671 1080 1760 Q.
1105 1671 1344 1760 Quam
1374 1666 1611 1758 brevi,
1642 1665 1896 1758 stater,
1928 1672 2007 1740 in
2042 1687 2436 1771 conspectu
2505 1693 2570 1744 V.

484 1792 721 1888 posita
757 1802 868 1862 est
898 1813 942 1862 a
974 1800 1048 1861 te
1079 1790 1411 1860 omnium
1444 1790 1993 1885 magistratuum
2016 1786 2436 1891 descriptio!
2504 1762 2595 1816 ¹²·

482 1905 624 1981 Sed
665 1931 751 1980 ea
785 1929 1016 2007 paene
1050 1920 1339 1980 nostrae
1375 1908 1713 1996 civitatiS,
1762 1911 1900 1979 etsi
1929 1926 1974 1980 a
2008 1922 2082 1980 te
2117 1909 2441 2009 paullum

484 2027 779 2102 allatum
808 2040 919 2100 est
953 2028 1147 2098 novi.
1244 2030 1343 2099 M.
1378 2029 1832 2118 Rectissime,
1870 2028 2176 2120 Quinte,
2211 2034 2441 2103 anim-

481 2146 816 2221 advertis.
915 2151 1106 2219 Haec
1150 2160 1259 2219 est
1304 2150 1500 2218 enim
1541 2168 1763 2243 quam
1793 2152 2034 2248 Scipio
2078 2148 2322 2223 laudat
2361 2154 2440 2222 in

484 2265 691 2339 libris
716 2278 746 2317 ⁴
798 2279 874 2339 et
913 2288 1134 2363 quam
1173 2269 1479 2339 maxime
1528 2266 1796 2365 probat
1842 2274 2440 2368 temperationem

484 2391 592 2460 rei
651 2382 1017 2488 publicae,
1068 2409 1259 2484 quae
1307 2384 1497 2458 effici
1542 2410 1694 2457 non
1738 2392 2091 2486 potuisset
2134 2392 2274 2462 nisi
2316 2389 2442 2463 tali

482 2506 969 2607 descriptione
1014 2507 1583 2604 magistratuum.
1696 2508 1880 2580 Nam
1919 2512 2022 2581 sic
2061 2507 2441 2601 habetote,

483 2626 1057 2728 magistratibus,
1119 2629 1354 2723 iisque
1411 2630 1544 2725 qui
1603 2631 1921 2726 praesint
1964 2631 2026 2718 ⁸,
2086 2633 2444 2702 contineri

485 2772 644 2821 rem
677 2747 1078 2848 publicum,
1114 2761 1189 2819 et
1227 2771 1317 2820 ex
1350 2770 1611 2819 eorum
1642 2750 2199 2846 compositione,
2239 2749 2443 2846 quod

488 2872 837 2966 cuiusque
863 2871 941 2938 in
969 2890 1050 2939 re
1074 2865 1366 2967 publica
1388 2865 1416 2913 ⁶
1454 2888 1686 2964 genus
1710 2868 1836 2954 sit,
1868 2865 2188 2964 intelligi.
2237 2871 2443 2959 Quae

485 3011 609 3061 res
653 3011 880 3085 quum
929 2987 1447 3086 sapientissime
1504 2983 2222 3083 moderatissimeque
2274 3007 2445 3058 con-

479 3111 735 3180 stituta
766 3118 954 3179 esset
984 3129 1028 3179 a
1060 3103 1455 3178 maioribus
1477 3107 1780 3191 nostris,
1818 3102 2001 3175 nihil
2021 3102 2248 3177 habui
2270 3127 2443 3178 sane

482 3251 638 3300 non
674 3225 987 3298 multum
1012 3234 1076 3317 ⁷,
1115 3223 1318 3324 quod
1359 3236 1695 3324 putarem
1728 3222 2145 3297 novandum
2168 3228 2245 3297 in
2272 3224 2443 3326 legi-

483 3345 648 3420 bus.
747 3350 892 3419 Art.
940 3341 1225 3418 Reddes
1273 3347 1499 3443 igitur
1533 3343 1782 3432 nobis,
1827 3356 1913 3415 ut
1957 3346 2033 3414 in
2075 3345 2439 3444 religionis
2507 3372 2597 3427 ιε.

482 3465 643 3565 lege
681 3464 918 3538 fecisti
957 3463 1334 3538 admonitu
1377 3479 1454 3537 et
1492 3476 1753 3561 rogatu
1793 3488 1993 3554 meo,
2026 3467 2134 3537 sic
2163 3465 2257 3539 de
2290 3491 2439 3539 ma-

478 3584 906 3685 gistratibus
941 3598 1026 3657 ut
1069 3583 1394 3684 disputes
1430 3582 1705 3682 quibus
1739 3582 1832 3654 de
1871 3587 2099 3656 causis
2132 3590 2437 3660 maxime

480 3706 759 3806 placeat
810 3709 947 3778 ista
1001 3701 1412 3804 descriptio.
1510 3705 1609 3774 M.
1663 3705 1975 3793 Faciam,
2027 3708 2297 3796 Attice,
2352 3720 2437 3778 ut

479 3828 624 3898 vis:
661 3839 734 3898 et
765 3825 1008 3897 locum
1039 3828 1256 3897 istum
1278 3837 1546 3913 totum,
1577 3836 1663 3895 ut
1689 3847 1732 3894 a
1755 3822 2188 3896 doctissimis
2219 3831 2438 3900 Grae-

477 3948 637 4019 ciae
664 3947 1076 4042 quaesitum
1106 3958 1179 4018 et
1215 3943 1661 4043 disputatum
1700 3958 1844 4034 est,
1878 3943 2288 4042 explicabo,
2324 3961 2434 4035 et,

543 4150 564 4188 ¹
614 4146 749 4201 fide.
832 4148 858 4185 ²
904 4145 1070 4215 leges·
1156 4146 1181 4184 ⁸
1225 4143 1501 4198 dimedito.
1587 4146 1611 4183 ἱ
1646 4144 1704 4196 in
1734 4143 1845 4196 illis
1869 4143 2043 4201 libris.
2128 4148 2154 4186 ⁸
2186 4158 2449 4217 praesunt.

471 4235 499 4271 ⁸
532 4233 788 4303 cuiusque
818 4230 896 4284 rei
926 4227 1186 4299 publicae.
1256 4233 1280 4268 ⁷
1317 4245 1425 4282 non
1449 4226 1607 4280 modo
1634 4226 1880 4282 multum.

2002 4320 2093 4389 6*
