3131 5032
1581 556 1582 559 Ἴ
1682 466 1728 536 8

730 680 852 751 sed
891 704 1012 751 eos
1049 704 1300 776 magna
1336 678 1730 778 professos,
1784 685 1854 749 in
1895 685 2125 777 parvis
2164 704 2312 751 esse
2340 697 2681 754 versatos.

730 798 919 888 Quid
973 801 1165 870 enim
1224 812 1329 871 est
1380 812 1695 889 tantum,
1759 813 2112 895 quantum
2166 802 2275 869 ius
2332 801 2684 872 civitatis?

730 916 921 1007 Quid
962 933 1201 993 autem
1251 933 1394 990 tam
1426 921 1801 1016 exiguum,
1841 942 2061 1014 quam
2096 932 2205 989 est
2239 942 2502 990 munus
2541 919 2686 991 hoc

732 1062 986 1108 eorum
1036 1041 1167 1134 qui
1217 1038 1732 1111 consuluntur?
1781 1061 2219 1133 quamquam
2267 1050 2374 1108 est
2408 1038 2683 1136 populo

735 1161 1234 1229 necessarium.
1320 1161 1469 1230 Nec
1498 1183 1671 1230 vero
1707 1183 1862 1249 eoS,
1901 1162 2030 1254 qui
2069 1161 2134 1229 ei
2170 1163 2456 1229 muneri
2484 1184 2687 1257 prae-

735 1274 1063 1367 fuerunt,
1096 1281 1410 1348 universi
1445 1281 1626 1348 iuris
1653 1276 1872 1349 fuisse
1909 1291 2234 1375 expertes
2261 1293 2281 1330 ¹
2327 1281 2686 1349 existimo:

738 1394 863 1464 sed
908 1394 1050 1466 hoc
1098 1396 1343 1487 civile,
1406 1396 1608 1493 quod
1657 1412 1952 1487 vocant,
2010 1410 2304 1468 eatenus
2351 1421 2692 1469 exercue—

739 1527 943 1604 runt,
974 1516 1216 1611 quoad
1245 1517 1518 1615 populo
1544 1529 1570 1567 ²
1607 1532 1965 1615 praestare
2003 1517 2422 1588 voluerunt:
2460 1516 2532 1587 id
2565 1541 2694 1588 au-

737 1648 886 1704 tem
922 1638 1375 1732 incognitum
1417 1649 1636 1708 tenue
1672 1651 1820 1727 est,
1857 1661 2073 1734 quam
2106 1640 2179 1706 in
2213 1662 2350 1707 usu
2378 1644 2405 1683 ³
2443 1661 2691 1709 neces-

736 1736 1022 1826 sarium.
1123 1752 1650 1844 Quamobrem,
1701 1779 1849 1851 quo
1896 1780 2012 1827 me
2047 1755 2301 1827 vocas?
2349 1770 2475 1827 aut
2510 1755 2690 1851 quid

732 1873 1085 1946 hortaris?
1149 1889 1230 1943 ut
1282 1872 1559 1945 libellos
1605 1872 1977 1946 conficiam
2020 1873 2111 1946 de
2161 1873 2691 1945 stillicidiorum

742 2014 823 2061 ac
862 1989 953 2062 de
997 1993 1354 2089 parietum
1396 1991 1592 2065 iure?
1641 2017 1733 2064 an
1778 2007 1859 2064 ut
1897 1993 2442 2093 stipulationum
2477 2008 2547 2066 et
2582 1998 2694 2065 iu-

744 2110 1097 2182 diciorum
1153 2109 1495 2184 formulas
1553 2114 2030 2212 componam?
2136 2115 2341 2203 Quae
2394 2128 2466 2185 et
2525 2138 2699 2185 con-

660 2282 664 2286 -
744 2233 1006 2329 scripta
1047 2256 1091 2303 a
1138 2230 1380 2302 multis
1427 2248 1596 2304 sunt
1621 2241 1648 2280 ⁴
1691 2232 2100 2331 diligenter,
2151 2245 2223 2303 et
2256 2247 2425 2304 sunt
2462 2233 2699 2304 humi-

744 2349 926 2421 liora
982 2374 1202 2446 quam
1253 2350 1404 2440 illa,
1464 2376 1650 2448 quae
1703 2377 1745 2423 a
1798 2350 2006 2422 vobis
2055 2356 2447 2449 exspectari
2492 2367 2697 2451 puto.

747 2472 888 2540 Att.
938 2472 1194 2566 Atqui,
1234 2473 1295 2540 si
1330 2495 1633 2569 quaeres
1670 2494 1804 2569 ego
1835 2470 2014 2568 quid
2047 2485 2484 2571 exspectem3
2509 2497 2703 2569 ‚quo-

746 2590 939 2659 niam
995 2592 1345 2688 scriptum
1393 2605 1497 2662 est
1545 2617 1588 2663 a
1633 2606 1712 2662 te
1756 2590 1846 2662 de
1895 2594 2175 2689 optimo
2223 2595 2328 2663 rei
2371 2591 2703 2691 publicae

748 2721 972 2798 statu,
1007 2732 1455 2805 consequens
1483 2735 1635 2782 esse
1664 2710 1949 2782 videtur
1979 2723 2059 2780 ut
2093 2708 2361 2784 scribas
2393 2725 2475 2782 tu
2506 2709 2702 2782 idem

748 2825 841 2897 de
885 2825 1186 2923 legibus.
1285 2833 1399 2900 Sic
1440 2833 1635 2900 enim
1676 2827 1926 2901 fecisse
1971 2828 2181 2901 video
2213 2829 2579 2901 Platonem
2617 2830 2705 2900 il-

751 2946 904 3017 lum
951 2963 1192 3039 tuum,
1243 2974 1463 3045 quem
1509 2964 1591 3020 tu
1640 2949 2043 3043 admirariS,
2095 2975 2314 3045 quem
2362 2949 2708 3021 omnibus

751 3072 1161 3166 anteponiS,
1208 3093 1426 3163 quem
1461 3072 1763 3141 maxime
1804 3068 2059 3167 diligis.
2159 3074 2254 3141 M.
2316 3073 2534 3142 Visne
2575 3074 2710 3167 igi-

753 3200 905 3273 tur,
944 3199 1025 3256 ut
1064 3185 1180 3256 ille
1219 3191 1428 3258 Crete
1467 3213 1631 3259 cum
1666 3187 1891 3261 Clinia
1928 3203 2001 3261 et
2034 3214 2200 3261 cum
2235 3188 2709 3262 Lacedaemo-

757 3307 882 3374 nio
936 3304 1259 3403 Megillo,
1309 3310 1613 3397 aestivo,
1665 3307 2275 3403 quemadmodum
2330 3307 2705 3397 describit,

756 3423 906 3513 die,
943 3427 1018 3495 in
1057 3430 1484 3523 cupressetis
1512 3430 1951 3498 Gnosiorum
1987 3442 2061 3500 et
2093 3432 2338 3527 spatiis
2375 3428 2708 3499 silvestri-

757 3543 924 3633 bUS,
975 3545 1233 3617 crebro
1266 3549 1633 3636 insistens,
1684 3547 2052 3619 interdum
2087 3552 2574 3645 acquiescenS,
2609 3546 2706 3619 de

756 3668 1103 3737 institutis
1130 3690 1369 3737 rerum
1400 3665 1853 3764 publicarum
1877 3692 1960 3739 ac
1990 3666 2083 3738 de
2109 3671 2400 3766 optimis
2426 3666 2710 3764 legibus

760 3784 1109 3883 disputat,
1147 3787 1251 3856 sic
1288 3808 1421 3854 nos
1453 3788 1645 3855 inter
1676 3784 1804 3857 has
1835 3788 2366 3883 procerissimas
2396 3785 2714 3882 populos

824 4086 838 4122 ¹
871 4093 1106 4152 expertes
1134 4083 1310 4136 fuisse.
1383 4087 1404 4121 ²
1436 4084 1707 4153 populum.
1785 4087 1807 4121 ³
1837 4083 1888 4134 id
1919 4095 2087 4134 autem
2111 4081 2225 4153 [in]
2248 4082 2542 4152 cognitione
2566 4093 2726 4135 tenuo

750 4179 854 4233 est,
896 4170 950 4219 in
978 4184 1092 4219 usu.
1184 4171 1205 4207 ἱ
1240 4171 1421 4238 scripta
1451 4180 1565 4220 sunt
1599 4187 1636 4220 a»
1659 4168 1852 4220 multis.
