<?xml version="1.0" encoding="UTF-8"?>
<!DOCTYPE html PUBLIC "-//W3C//DTD XHTML 1.0 Transitional//EN"
    "http://www.w3.org/TR/xhtml1/DTD/xhtml1-transitional.dtd">
<html xmlns="http://www.w3.org/1999/xhtml" xml:lang="en" lang="en">
 <head>
  <title>
</title>
<meta http-equiv="Content-Type" content="text/html;charset=utf-8" />
  <meta name='ocr-system' content='tesseract 3.04.00' />
  <meta name='ocr-capabilities' content='ocr_page ocr_carea ocr_par ocr_line ocrx_word'/>
</head>
<body>
  <div class='ocr_page' id='page_1' title='image "./mtulliiciceroni02bakegoog_0447.png"; bbox 0 0 3131 5032; ppageno 0'>
   <div class='ocr_carea' id='block_1_1' title="bbox 800 410 2064 495">
    <p class='ocr_par' dir='ltr' id='par_1_1' title="bbox 800 410 2064 495">
     <span class='ocr_line' id='line_1_1' title="bbox 800 410 2064 495; baseline -0.006 -10"><span class='ocrx_word' id='word_1_1' title='bbox 800 422 928 485; x_wconf 87' lang='grc'><strong>380</strong></span> <span class='ocrx_word' id='word_1_2' title='bbox 1487 413 1624 477; x_wconf 85' lang='lat' dir='ltr'><strong>L1s.</strong></span> <span class='ocrx_word' id='word_1_3' title='bbox 1672 410 1733 495; x_wconf 91' lang='lat'><strong>1,</strong></span> <span class='ocrx_word' id='word_1_4' title='bbox 1796 417 1905 495; x_wconf 83' lang='lat'><strong>13,</strong></span> <span class='ocrx_word' id='word_1_5' title='bbox 1955 417 2064 481; x_wconf 88' lang='grc'><strong>36.</strong></span> 
     </span>
    </p>
   </div>
   <div class='ocr_carea' id='block_1_2' title="bbox 770 615 2760 4210">
    <p class='ocr_par' dir='ltr' id='par_1_2' title="bbox 784 615 2760 1420">
     <span class='ocr_line' id='line_1_2' title="bbox 790 615 2760 699; baseline -0.002 -15"><span class='ocrx_word' id='word_1_6' title='bbox 790 623 870 684; x_wconf 81' lang='grc'><strong>24</strong></span> <span class='ocrx_word' id='word_1_7' title='bbox 887 668 907 699; x_wconf 86' lang='grc'>,</span> <span class='ocrx_word' id='word_1_8' title='bbox 950 620 1028 682; x_wconf 81' lang='grc'><strong>54</strong></span> <span class='ocrx_word' id='word_1_9' title='bbox 1045 666 1063 696; x_wconf 89' lang='grc'>,</span> <span class='ocrx_word' id='word_1_10' title='bbox 1106 620 1212 679; x_wconf 91' lang='lat' dir='ltr'><strong>ubi</strong></span> <span class='ocrx_word' id='word_1_11' title='bbox 1247 618 1326 677; x_wconf 91' lang='lat' dir='ltr'><strong>de</strong></span> <span class='ocrx_word' id='word_1_12' title='bbox 1364 615 1545 676; x_wconf 90' lang='lat' dir='ltr'><strong>Verre</strong></span> <span class='ocrx_word' id='word_1_13' title='bbox 1581 618 1807 678; x_wconf 79' lang='lat' dir='ltr'><strong>dicitur</strong></span> <span class='ocrx_word' id='word_1_14' title='bbox 1843 618 2101 678; x_wconf 84' lang='lat' dir='ltr'><strong>artifices</strong></span> <span class='ocrx_word' id='word_1_15' title='bbox 2133 617 2532 679; x_wconf 73' lang='lat' dir='ltr'><strong>conducente.</strong></span> <span class='ocrx_word' id='word_1_16' title='bbox 2617 619 2760 698; x_wconf 81' lang='lat' dir='ltr'><strong>Offi-</strong></span> 
     </span>
     <span class='ocr_line' id='line_1_3' title="bbox 793 721 2760 803; baseline -0.002 -16"><span class='ocrx_word' id='word_1_17' title='bbox 793 729 934 787; x_wconf 74' lang='lat' dir='ltr'><strong>cina</strong></span> <span class='ocrx_word' id='word_1_18' title='bbox 967 725 1093 803; x_wconf 83' lang='lat' dir='ltr'><strong>ipsa</strong></span> <span class='ocrx_word' id='word_1_19' title='bbox 1109 769 1128 800; x_wconf 88' lang='lat'><em>‚</em></span> <span class='ocrx_word' id='word_1_20' title='bbox 1168 740 1536 802; x_wconf 85' lang='lat' dir='ltr'><strong>quamquam</strong></span> <span class='ocrx_word' id='word_1_21' title='bbox 1582 722 1712 781; x_wconf 89' lang='lat' dir='ltr'><strong>aliis</strong></span> <span class='ocrx_word' id='word_1_22' title='bbox 1756 721 1904 783; x_wconf 91' lang='lat' dir='ltr'><strong>locis</strong></span> <span class='ocrx_word' id='word_1_23' title='bbox 1943 722 2194 783; x_wconf 85' lang='lat' dir='ltr'><strong>honeste</strong></span> <span class='ocrx_word' id='word_1_24' title='bbox 2229 721 2307 782; x_wconf 92' lang='lat' dir='ltr'><strong>de</strong></span> <span class='ocrx_word' id='word_1_25' title='bbox 2342 722 2760 803; x_wconf 70' lang='lat' dir='ltr'><strong>philosophiae</strong></span> 
     </span>
     <span class='ocr_line' id='line_1_4' title="bbox 788 823 2759 908; baseline -0.009 -19"><span class='ocrx_word' id='word_1_26' title='bbox 788 829 1005 889; x_wconf 87' lang='lat' dir='ltr'><strong>scholis</strong></span> <span class='ocrx_word' id='word_1_27' title='bbox 1037 827 1263 887; x_wconf 88' lang='lat' dir='ltr'><strong>dicitur</strong></span> <span class='ocrx_word' id='word_1_28' title='bbox 1294 824 1474 908; x_wconf 87' lang='lat' dir='ltr'><strong>(sicut</strong></span> <span class='ocrx_word' id='word_1_29' title='bbox 1506 824 1617 883; x_wconf 86' lang='lat' dir='ltr'><strong>Fin</strong></span> <span class='ocrx_word' id='word_1_30' title='bbox 1645 823 1693 882; x_wconf 84' lang='lat' dir='ltr'>V</span> <span class='ocrx_word' id='word_1_31' title='bbox 1714 871 1733 901; x_wconf 85' lang='lat'><em>,</em></span> <span class='ocrx_word' id='word_1_32' title='bbox 1775 824 1814 884; x_wconf 81' lang='lat'><strong><em>3</em></strong></span> <span class='ocrx_word' id='word_1_33' title='bbox 1830 871 1850 902; x_wconf 88' lang='lat'><em>,</em></span> <span class='ocrx_word' id='word_1_34' title='bbox 1891 823 1990 905; x_wconf 92' lang='lat'><strong>7),</strong></span> <span class='ocrx_word' id='word_1_35' title='bbox 2032 833 2234 885; x_wconf 85' lang='lat' dir='ltr'><strong>tamen</strong></span> <span class='ocrx_word' id='word_1_36' title='bbox 2262 825 2327 886; x_wconf 87' lang='lat' dir='ltr'><strong>h.</strong></span> <span class='ocrx_word' id='word_1_37' title='bbox 2360 826 2403 886; x_wconf 81' lang='lat' dir='ltr'><strong>l,</strong></span> <span class='ocrx_word' id='word_1_38' title='bbox 2436 845 2581 886; x_wconf 75' lang='lat' dir='ltr'><strong>cum</strong></span> <span class='ocrx_word' id='word_1_39' title='bbox 2611 846 2759 906; x_wconf 54' lang='lat' dir='ltr'><strong>qun-</strong></span> 
     </span>
     <span class='ocr_line' id='line_1_5' title="bbox 788 926 2754 1010; baseline -0.002 -18"><span class='ocrx_word' id='word_1_40' title='bbox 788 931 929 992; x_wconf 92' lang='lat' dir='ltr'><strong>dam</strong></span> <span class='ocrx_word' id='word_1_41' title='bbox 951 928 1419 1010; x_wconf 86' lang='lat' dir='ltr'><strong>reprehensione</strong></span> <span class='ocrx_word' id='word_1_42' title='bbox 1442 926 1570 987; x_wconf 91' lang='lat' dir='ltr'><strong>dici</strong></span> <span class='ocrx_word' id='word_1_43' title='bbox 1592 927 1861 1004; x_wconf 80' lang='lat' dir='ltr'><strong>videtur,</strong></span> <span class='ocrx_word' id='word_1_44' title='bbox 1882 935 2188 1008; x_wconf 87' lang='lat' dir='ltr'><strong>tamquam</strong></span> <span class='ocrx_word' id='word_1_45' title='bbox 2210 927 2289 988; x_wconf 90' lang='lat' dir='ltr'><strong>de</strong></span> <span class='ocrx_word' id='word_1_46' title='bbox 2312 949 2455 989; x_wconf 82' lang='lat' dir='ltr'><strong>vera</strong></span> <span class='ocrx_word' id='word_1_47' title='bbox 2482 927 2722 1006; x_wconf 74' lang='lat' dir='ltr'><strong>officim</strong></span> <span class='ocrx_word' id='word_1_48' title='bbox 2731 976 2754 1007; x_wconf 89' lang='lat'><em>,</em></span> 
     </span>
     <span class='ocr_line' id='line_1_6' title="bbox 788 1029 2757 1113; baseline -0.002 -18"><span class='ocrx_word' id='word_1_49' title='bbox 788 1055 863 1095; x_wconf 85' lang='lat' dir='ltr'><strong>ex</strong></span> <span class='ocrx_word' id='word_1_50' title='bbox 914 1054 1036 1113; x_wconf 88' lang='lat' dir='ltr'><strong>qua</strong></span> <span class='ocrx_word' id='word_1_51' title='bbox 1093 1032 1252 1092; x_wconf 90' lang='lat' dir='ltr'><strong>nihil</strong></span> <span class='ocrx_word' id='word_1_52' title='bbox 1314 1029 1542 1106; x_wconf 81' lang='lat' dir='ltr'><strong>exiret,</strong></span> <span class='ocrx_word' id='word_1_53' title='bbox 1599 1032 1717 1089; x_wconf 89' lang='lat' dir='ltr'><strong>nisi</strong></span> <span class='ocrx_word' id='word_1_54' title='bbox 1768 1031 1931 1110; x_wconf 90' lang='lat' dir='ltr'><strong>quod</strong></span> <span class='ocrx_word' id='word_1_55' title='bbox 1985 1051 2198 1091; x_wconf 87' lang='lat' dir='ltr'><strong>eornm</strong></span> <span class='ocrx_word' id='word_1_56' title='bbox 2213 1077 2232 1108; x_wconf 93' lang='lat'>,</span> <span class='ocrx_word' id='word_1_57' title='bbox 2290 1033 2401 1111; x_wconf 80' lang='lat' dir='ltr'><strong>qui</strong></span> <span class='ocrx_word' id='word_1_58' title='bbox 2449 1042 2757 1110; x_wconf 86' lang='lat' dir='ltr'><strong>emerent,</strong></span> 
     </span>
     <span class='ocr_line' id='line_1_7' title="bbox 784 1132 2758 1216; baseline 0 -20"><span class='ocrx_word' id='word_1_59' title='bbox 784 1135 1082 1216; x_wconf 81' lang='lat' dir='ltr'><strong>peculiari</strong></span> <span class='ocrx_word' id='word_1_60' title='bbox 1133 1132 1384 1194; x_wconf 88' lang='lat' dir='ltr'><strong>consilio</strong></span> <span class='ocrx_word' id='word_1_61' title='bbox 1435 1133 1825 1211; x_wconf 79' lang='lat' dir='ltr'><strong>responderet</strong></span> <span class='ocrx_word' id='word_1_62' title='bbox 1865 1133 2360 1215; x_wconf 79' lang='lat' dir='ltr'><strong>elaboratumque</strong></span> <span class='ocrx_word' id='word_1_63' title='bbox 2411 1142 2591 1196; x_wconf 84' lang='lat' dir='ltr'><strong>esset:</strong></span> <span class='ocrx_word' id='word_1_64' title='bbox 2649 1156 2758 1196; x_wconf 90' lang='lat' dir='ltr'><strong>eo-</strong></span> 
     </span>
     <span class='ocr_line' id='line_1_8' title="bbox 786 1236 2758 1320; baseline 0 -20"><span class='ocrx_word' id='word_1_65' title='bbox 786 1240 1050 1320; x_wconf 85' lang='lat' dir='ltr'><strong>demque</strong></span> <span class='ocrx_word' id='word_1_66' title='bbox 1099 1236 1278 1298; x_wconf 90' lang='lat' dir='ltr'><strong>modo</strong></span> <span class='ocrx_word' id='word_1_67' title='bbox 1315 1237 1473 1296; x_wconf 83' lang='lat' dir='ltr'><strong>Orat.</strong></span> <span class='ocrx_word' id='word_1_68' title='bbox 1510 1236 1548 1296; x_wconf 87' lang='lat'><strong>3</strong></span> <span class='ocrx_word' id='word_1_69' title='bbox 1570 1283 1588 1313; x_wconf 94' lang='lat'><em>,</em></span> <span class='ocrx_word' id='word_1_70' title='bbox 1634 1236 1730 1297; x_wconf 91' lang='grc'><strong>12.</strong></span> <span class='ocrx_word' id='word_1_71' title='bbox 1813 1236 1888 1297; x_wconf 90' lang='lat' dir='ltr'><strong>In</strong></span> <span class='ocrx_word' id='word_1_72' title='bbox 1922 1257 1988 1297; x_wconf 88' lang='lat' dir='ltr'><strong>re</strong></span> <span class='ocrx_word' id='word_1_73' title='bbox 2025 1238 2188 1318; x_wconf 84' lang='lat' dir='ltr'><strong>turpi</strong></span> <span class='ocrx_word' id='word_1_74' title='bbox 2221 1246 2422 1318; x_wconf 82' lang='lat' dir='ltr'><strong>postea</strong></span> <span class='ocrx_word' id='word_1_75' title='bbox 2448 1241 2758 1318; x_wconf 78' lang='lat' dir='ltr'><strong>usurpavit</strong></span> 
     </span>
     <span class='ocr_line' id='line_1_9' title="bbox 787 1338 2114 1420; baseline -0.001 -18"><span class='ocrx_word' id='word_1_76' title='bbox 787 1343 991 1402; x_wconf 75' lang='lat' dir='ltr'><strong>Livius</strong></span> <span class='ocrx_word' id='word_1_77' title='bbox 1023 1359 1269 1420; x_wconf 88' lang='lat' dir='ltr'><strong>quoque</strong></span> <span class='ocrx_word' id='word_1_78' title='bbox 1303 1338 1596 1399; x_wconf 83' lang='lat' dir='ltr'>XXXVIII</span> <span class='ocrx_word' id='word_1_79' title='bbox 1616 1385 1635 1415; x_wconf 90' lang='lat'><em>,</em></span> <span class='ocrx_word' id='word_1_80' title='bbox 1676 1338 1753 1415; x_wconf 88' lang='lat'><strong>8,</strong></span> <span class='ocrx_word' id='word_1_81' title='bbox 1794 1340 1855 1401; x_wconf 89' lang='lat'><strong>7.</strong></span> <span class='ocrx_word' id='word_1_82' title='bbox 1902 1339 1977 1401; x_wconf 90' lang='grc'><strong>10</strong></span> <span class='ocrx_word' id='word_1_83' title='bbox 1996 1386 2015 1417; x_wconf 94' lang='grc'>,</span> <span class='ocrx_word' id='word_1_84' title='bbox 2054 1341 2114 1401; x_wconf 90' lang='grc'><strong>6.</strong></span> 
     </span>
    </p>

    <p class='ocr_par' dir='ltr' id='par_1_3' title="bbox 770 1443 2755 4210">
     <span class='ocr_line' id='line_1_10' title="bbox 865 1443 2754 1528; baseline 0.001 -22"><span class='ocrx_word' id='word_1_85' title='bbox 865 1468 1014 1528; x_wconf 78' lang='lat' dir='ltr'><strong>quae</strong></span> <span class='ocrx_word' id='word_1_86' title='bbox 1029 1448 1178 1527; x_wconf 71' lang='lat' dir='ltr'><strong>fuse</strong></span> <span class='ocrx_word' id='word_1_87' title='bbox 1213 1444 1352 1502; x_wconf 84' lang='lat' dir='ltr'><strong>olim</strong></span> <span class='ocrx_word' id='word_1_88' title='bbox 1380 1475 1463 1488; x_wconf 95' lang='lat'>—</span> <span class='ocrx_word' id='word_1_89' title='bbox 1486 1444 1875 1524; x_wconf 70' lang='lat' dir='ltr'><strong>distincteque</strong></span> <span class='ocrx_word' id='word_1_90' title='bbox 1907 1443 2214 1525; x_wconf 74' lang='lat' dir='ltr'><strong>dicuntur)</strong></span> <span class='ocrx_word' id='word_1_91' title='bbox 2294 1444 2754 1525; x_wconf 78' lang='lat' dir='ltr'><strong>Interpretanda</strong></span> 
     </span>
     <span class='ocr_line' id='line_1_11' title="bbox 785 1544 2754 1628; baseline -0.001 -17"><span class='ocrx_word' id='word_1_92' title='bbox 785 1551 936 1611; x_wconf 92' lang='lat' dir='ltr'><strong>haec</strong></span> <span class='ocrx_word' id='word_1_93' title='bbox 985 1556 1154 1624; x_wconf 85' lang='lat' dir='ltr'><strong>sunt,</strong></span> <span class='ocrx_word' id='word_1_94' title='bbox 1213 1555 1283 1606; x_wconf 90' lang='lat' dir='ltr'><strong>ut</strong></span> <span class='ocrx_word' id='word_1_95' title='bbox 1317 1544 1623 1606; x_wconf 88' lang='lat' dir='ltr'><strong>indicetur</strong></span> <span class='ocrx_word' id='word_1_96' title='bbox 1659 1546 1737 1606; x_wconf 90' lang='lat' dir='ltr'><strong>de</strong></span> <span class='ocrx_word' id='word_1_97' title='bbox 1772 1546 2051 1626; x_wconf 78' lang='lat' dir='ltr'><strong>Madvigii</strong></span> <span class='ocrx_word' id='word_1_98' title='bbox 2088 1549 2480 1609; x_wconf 79' lang='lat' dir='ltr'><strong>correctione.</strong></span> <span class='ocrx_word' id='word_1_99' title='bbox 2559 1548 2754 1628; x_wconf 71' lang='lat' dir='ltr'><strong>Igitur</strong></span> 
     </span>
     <span class='ocr_line' id='line_1_12' title="bbox 770 1650 2753 1739; baseline -0.002 -23"><span class='ocrx_word' id='word_1_100' title='bbox 770 1659 920 1739; x_wconf 72' lang='lat' dir='ltr'><strong>fuse</strong></span> <span class='ocrx_word' id='word_1_101' title='bbox 968 1665 1025 1714; x_wconf 88' lang='lat' dir='ltr'><strong>et</strong></span> <span class='ocrx_word' id='word_1_102' title='bbox 1078 1653 1255 1713; x_wconf 78' lang='lat' dir='ltr'><strong>libere</strong></span> <span class='ocrx_word' id='word_1_103' title='bbox 1303 1652 1602 1731; x_wconf 68' lang='lat' dir='ltr'><strong>disputare</strong></span> <span class='ocrx_word' id='word_1_104' title='bbox 1638 1650 1864 1712; x_wconf 88' lang='lat' dir='ltr'><strong>dicitnr</strong></span> <span class='ocrx_word' id='word_1_105' title='bbox 1897 1651 1975 1712; x_wconf 91' lang='lat' dir='ltr'><strong>de</strong></span> <span class='ocrx_word' id='word_1_106' title='bbox 2013 1672 2084 1712; x_wconf 90' lang='lat' dir='ltr'><strong>ea</strong></span> <span class='ocrx_word' id='word_1_107' title='bbox 2117 1651 2558 1732; x_wconf 86' lang='lat' dir='ltr'><strong>disputatione,</strong></span> <span class='ocrx_word' id='word_1_108' title='bbox 2596 1670 2753 1734; x_wconf 73' lang='lat' dir='ltr'><strong>quae</strong></span> 
     </span>
     <span class='ocr_line' id='line_1_13' title="bbox 785 1754 2753 1836; baseline -0.001 -18"><span class='ocrx_word' id='word_1_109' title='bbox 785 1759 957 1818; x_wconf 89' lang='lat' dir='ltr'><strong>nulla</strong></span> <span class='ocrx_word' id='word_1_110' title='bbox 1014 1757 1207 1816; x_wconf 89' lang='lat' dir='ltr'><strong>utitur</strong></span> <span class='ocrx_word' id='word_1_111' title='bbox 1269 1755 1613 1833; x_wconf 76' lang='lat' dir='ltr'><strong>argumenti</strong></span> <span class='ocrx_word' id='word_1_112' title='bbox 1666 1755 1733 1813; x_wconf 91' lang='lat' dir='ltr'><strong>in</strong></span> <span class='ocrx_word' id='word_1_113' title='bbox 1785 1763 1982 1834; x_wconf 78' lang='lat' dir='ltr'><strong>partes</strong></span> <span class='ocrx_word' id='word_1_114' title='bbox 2039 1754 2465 1817; x_wconf 69' lang='lat' dir='ltr'><strong>distributione</strong></span> <span class='ocrx_word' id='word_1_115' title='bbox 2478 1801 2499 1833; x_wconf 89' lang='lat'><em>,</em></span> <span class='ocrx_word' id='word_1_116' title='bbox 2554 1775 2753 1836; x_wconf 86' lang='lat' dir='ltr'><strong>neque</strong></span> 
     </span>
     <span class='ocr_line' id='line_1_14' title="bbox 785 1857 2752 1939; baseline -0.001 -18"><span class='ocrx_word' id='word_1_117' title='bbox 785 1861 1074 1939; x_wconf 76' lang='lat' dir='ltr'><strong>adstringi</strong></span> <span class='ocrx_word' id='word_1_118' title='bbox 1110 1879 1173 1920; x_wconf 89' lang='lat' dir='ltr'><strong>se</strong></span> <span class='ocrx_word' id='word_1_119' title='bbox 1201 1858 1429 1938; x_wconf 87' lang='lat' dir='ltr'><strong>patitur</strong></span> <span class='ocrx_word' id='word_1_120' title='bbox 1459 1866 1626 1919; x_wconf 90' lang='lat' dir='ltr'><strong>certo</strong></span> <span class='ocrx_word' id='word_1_121' title='bbox 1657 1857 1902 1918; x_wconf 88' lang='lat' dir='ltr'><strong>cuidam</strong></span> <span class='ocrx_word' id='word_1_122' title='bbox 1931 1858 2131 1919; x_wconf 90' lang='lat' dir='ltr'><strong>ordini</strong></span> <span class='ocrx_word' id='word_1_123' title='bbox 2148 1906 2166 1937; x_wconf 91' lang='lat'><em>,</em></span> <span class='ocrx_word' id='word_1_124' title='bbox 2206 1858 2312 1920; x_wconf 90' lang='lat' dir='ltr'><strong>sed</strong></span> <span class='ocrx_word' id='word_1_125' title='bbox 2346 1879 2507 1939; x_wconf 87' lang='lat' dir='ltr'><strong>quae</strong></span> <span class='ocrx_word' id='word_1_126' title='bbox 2536 1866 2752 1920; x_wconf 83' lang='lat' dir='ltr'><strong>cuncta</strong></span> 
     </span>
     <span class='ocr_line' id='line_1_15' title="bbox 783 1960 2755 2043; baseline -0.002 -18"><span class='ocrx_word' id='word_1_127' title='bbox 783 1965 966 2025; x_wconf 88' lang='lat' dir='ltr'><strong>simul</strong></span> <span class='ocrx_word' id='word_1_128' title='bbox 1028 1960 1491 2040; x_wconf 87' lang='lat' dir='ltr'><strong>comprehendit</strong></span> <span class='ocrx_word' id='word_1_129' title='bbox 1509 2005 1528 2035; x_wconf 93' lang='lat'><em>,</em></span> <span class='ocrx_word' id='word_1_130' title='bbox 1590 1960 1761 2020; x_wconf 90' lang='lat' dir='ltr'><strong>alind</strong></span> <span class='ocrx_word' id='word_1_131' title='bbox 1815 1981 1889 2021; x_wconf 87' lang='lat' dir='ltr'><strong>ex</strong></span> <span class='ocrx_word' id='word_1_132' title='bbox 1942 1963 2061 2022; x_wconf 90' lang='lat' dir='ltr'><strong>alio</strong></span> <span class='ocrx_word' id='word_1_133' title='bbox 2123 1970 2371 2023; x_wconf 86' lang='lat' dir='ltr'><strong>nectens</strong></span> <span class='ocrx_word' id='word_1_134' title='bbox 2384 2009 2403 2038; x_wconf 89' lang='lat'><em>‚</em></span> <span class='ocrx_word' id='word_1_135' title='bbox 2460 1963 2755 2043; x_wconf 86' lang='lat' dir='ltr'><strong>pluraque</strong></span> 
     </span>
     <span class='ocr_line' id='line_1_16' title="bbox 783 2064 2754 2146; baseline -0.002 -17"><span class='ocrx_word' id='word_1_136' title='bbox 783 2069 1191 2144; x_wconf 75' lang='lat' dir='ltr'><strong>coniungens,</strong></span> <span class='ocrx_word' id='word_1_137' title='bbox 1234 2065 1318 2124; x_wconf 90' lang='lat' dir='ltr'><strong>ita</strong></span> <span class='ocrx_word' id='word_1_138' title='bbox 1371 2072 1439 2124; x_wconf 86' lang='lat' dir='ltr'><strong>ut</strong></span> <span class='ocrx_word' id='word_1_139' title='bbox 1491 2064 1821 2124; x_wconf 89' lang='lat' dir='ltr'><strong>sententiae</strong></span> <span class='ocrx_word' id='word_1_140' title='bbox 1872 2065 2147 2145; x_wconf 75' lang='lat' dir='ltr'><strong>singulae</strong></span> <span class='ocrx_word' id='word_1_141' title='bbox 2182 2087 2303 2128; x_wconf 92' lang='lat' dir='ltr'><strong>non</strong></span> <span class='ocrx_word' id='word_1_142' title='bbox 2339 2087 2447 2126; x_wconf 88' lang='lat' dir='ltr'><strong>suo</strong></span> <span class='ocrx_word' id='word_1_143' title='bbox 2479 2085 2754 2146; x_wconf 89' lang='lat' dir='ltr'><strong>quaeque</strong></span> 
     </span>
     <span class='ocr_line' id='line_1_17' title="bbox 782 2165 2750 2249; baseline -0.001 -18"><span class='ocrx_word' id='word_1_144' title='bbox 782 2172 918 2232; x_wconf 89' lang='lat' dir='ltr'><strong>loco</strong></span> <span class='ocrx_word' id='word_1_145' title='bbox 984 2168 1319 2230; x_wconf 80' lang='lat' dir='ltr'><strong>elaboratae</strong></span> <span class='ocrx_word' id='word_1_146' title='bbox 1386 2165 1925 2246; x_wconf 84' lang='lat' dir='ltr'><strong>deprehendantur</strong></span> <span class='ocrx_word' id='word_1_147' title='bbox 1942 2215 1961 2244; x_wconf 89' lang='lat'><em>,</em></span> <span class='ocrx_word' id='word_1_148' title='bbox 2034 2170 2171 2246; x_wconf 86' lang='lat' dir='ltr'><strong>sed,</strong></span> <span class='ocrx_word' id='word_1_149' title='bbox 2244 2170 2414 2230; x_wconf 76' lang='lat' dir='ltr'><strong>velut</strong></span> <span class='ocrx_word' id='word_1_150' title='bbox 2480 2169 2718 2249; x_wconf 79' lang='lat' dir='ltr'><strong>sangnis</strong></span> <span class='ocrx_word' id='word_1_151' title='bbox 2731 2214 2750 2245; x_wconf 88' lang='lat'><em>‚</em></span> 
     </span>
     <span class='ocr_line' id='line_1_18' title="bbox 781 2269 2746 2355; baseline 0 -23"><span class='ocrx_word' id='word_1_152' title='bbox 781 2295 894 2355; x_wconf 88' lang='lat' dir='ltr'><strong>per</strong></span> <span class='ocrx_word' id='word_1_153' title='bbox 937 2281 1133 2332; x_wconf 87' lang='lat' dir='ltr'><strong>totum</strong></span> <span class='ocrx_word' id='word_1_154' title='bbox 1175 2291 1392 2351; x_wconf 86' lang='lat' dir='ltr'><strong>corpus</strong></span> <span class='ocrx_word' id='word_1_155' title='bbox 1442 2269 1611 2330; x_wconf 80' lang='lat' dir='ltr'><strong>fusae</strong></span> <span class='ocrx_word' id='word_1_156' title='bbox 1660 2271 1798 2331; x_wconf 87' lang='lat' dir='ltr'><strong>sint.</strong></span> <span class='ocrx_word' id='word_1_157' title='bbox 1898 2271 1993 2330; x_wconf 91' lang='lat' dir='ltr'><strong>Sic</strong></span> <span class='ocrx_word' id='word_1_158' title='bbox 2044 2271 2204 2332; x_wconf 84' lang='lat' dir='ltr'><strong>Orat.</strong></span> <span class='ocrx_word' id='word_1_159' title='bbox 2251 2271 2370 2349; x_wconf 81' lang='lat'><strong>32,</strong></span> <span class='ocrx_word' id='word_1_160' title='bbox 2416 2271 2569 2348; x_wconf 80' lang='lat'><strong>113,</strong></span> <span class='ocrx_word' id='word_1_161' title='bbox 2602 2275 2746 2354; x_wconf 70' lang='lat' dir='ltr'><strong>fue</strong></span> 
     </span>
     <span class='ocr_line' id='line_1_19' title="bbox 783 2372 2747 2457; baseline -0.001 -19"><span class='ocrx_word' id='word_1_162' title='bbox 783 2380 1009 2457; x_wconf 76' lang='lat' dir='ltr'><strong>lateque</strong></span> <span class='ocrx_word' id='word_1_163' title='bbox 1077 2376 1269 2434; x_wconf 78' lang='lat' dir='ltr'><strong>dicere</strong></span> <span class='ocrx_word' id='word_1_164' title='bbox 1333 2372 1659 2452; x_wconf 86' lang='lat' dir='ltr'><strong>opponitur</strong></span> <span class='ocrx_word' id='word_1_165' title='bbox 1719 2373 2164 2436; x_wconf 74' lang='lat' dir='ltr'><strong>dialecticorum</strong></span> <span class='ocrx_word' id='word_1_166' title='bbox 2214 2376 2533 2436; x_wconf 76' lang='lat' dir='ltr'><strong>scientiae.-</strong></span> <span class='ocrx_word' id='word_1_167' title='bbox 2588 2373 2747 2437; x_wconf 71' lang='lat' dir='ltr'><strong>cons.</strong></span> 
     </span>
     <span class='ocr_line' id='line_1_20' title="bbox 783 2474 2745 2558; baseline -0.001 -17"><span class='ocrx_word' id='word_1_168' title='bbox 783 2480 916 2541; x_wconf 78' lang='lat' dir='ltr'><strong>Nat.</strong></span> <span class='ocrx_word' id='word_1_169' title='bbox 947 2479 1014 2540; x_wconf 82' lang='lat' dir='ltr'><strong>D.</strong></span> <span class='ocrx_word' id='word_1_170' title='bbox 1048 2477 1139 2555; x_wconf 90' lang='lat'><strong>11,</strong></span> <span class='ocrx_word' id='word_1_171' title='bbox 1181 2477 1252 2554; x_wconf 88' lang='lat'><strong>7,</strong></span> <span class='ocrx_word' id='word_1_172' title='bbox 1293 2474 1393 2537; x_wconf 91' lang='grc'><strong>20.</strong></span> <span class='ocrx_word' id='word_1_173' title='bbox 1475 2476 1630 2537; x_wconf 83' lang='lat' dir='ltr'><strong>Huic</strong></span> <span class='ocrx_word' id='word_1_174' title='bbox 1663 2476 1874 2555; x_wconf 82' lang='lat' dir='ltr'><strong>generi</strong></span> <span class='ocrx_word' id='word_1_175' title='bbox 1912 2497 2105 2557; x_wconf 82' lang='lat' dir='ltr'><strong>quum</strong></span> <span class='ocrx_word' id='word_1_176' title='bbox 2153 2486 2491 2558; x_wconf 87' lang='lat' dir='ltr'><strong>opponatur</strong></span> <span class='ocrx_word' id='word_1_177' title='bbox 2523 2480 2745 2540; x_wconf 68' lang='lat' dir='ltr'><strong>articu-</strong></span> 
     </span>
     <span class='ocr_line' id='line_1_21' title="bbox 784 2580 2746 2662; baseline 0.001 -18"><span class='ocrx_word' id='word_1_178' title='bbox 784 2586 951 2644; x_wconf 77' lang='lat' dir='ltr'><strong>latim</strong></span> <span class='ocrx_word' id='word_1_179' title='bbox 1002 2582 1390 2661; x_wconf 70' lang='lat' dir='ltr'><strong>distincteque</strong></span> <span class='ocrx_word' id='word_1_180' title='bbox 1437 2580 1666 2657; x_wconf 83' lang='lat' dir='ltr'><strong>dicere,</strong></span> <span class='ocrx_word' id='word_1_181' title='bbox 1720 2581 2051 2660; x_wconf 76' lang='lat' dir='ltr'><strong>Madvigius</strong></span> <span class='ocrx_word' id='word_1_182' title='bbox 2084 2584 2150 2642; x_wconf 93' lang='lat' dir='ltr'><strong>in</strong></span> <span class='ocrx_word' id='word_1_183' title='bbox 2183 2581 2549 2662; x_wconf 75' lang='lat' dir='ltr'><strong>Programm.</strong></span> <span class='ocrx_word' id='word_1_184' title='bbox 2581 2582 2746 2645; x_wconf 84' lang='lat' dir='ltr'><strong>laud.</strong></span> 
     </span>
     <span class='ocr_line' id='line_1_22' title="bbox 780 2683 2745 2769; baseline -0.002 -19"><span class='ocrx_word' id='word_1_185' title='bbox 780 2709 844 2769; x_wconf 88' lang='lat' dir='ltr'><strong>p.</strong></span> <span class='ocrx_word' id='word_1_186' title='bbox 890 2686 959 2763; x_wconf 89' lang='lat'><strong>8,</strong></span> <span class='ocrx_word' id='word_1_187' title='bbox 1014 2686 1133 2746; x_wconf 91' lang='lat' dir='ltr'><strong>hoc</strong></span> <span class='ocrx_word' id='word_1_188' title='bbox 1187 2705 1311 2745; x_wconf 91' lang='lat' dir='ltr'><strong>non</strong></span> <span class='ocrx_word' id='word_1_189' title='bbox 1362 2693 1525 2744; x_wconf 87' lang='lat' dir='ltr'><strong>recte</strong></span> <span class='ocrx_word' id='word_1_190' title='bbox 1579 2683 1711 2743; x_wconf 88' lang='lat' dir='ltr'><strong>fieri</strong></span> <span class='ocrx_word' id='word_1_191' title='bbox 1763 2684 2110 2746; x_wconf 85' lang='lat' dir='ltr'><strong>contendit:</strong></span> <span class='ocrx_word' id='word_1_192' title='bbox 2169 2707 2311 2746; x_wconf 91' lang='lat' dir='ltr'><strong>nam</strong></span> <span class='ocrx_word' id='word_1_193' title='bbox 2362 2696 2424 2747; x_wconf 91' lang='lat' dir='ltr'><strong>et</strong></span> <span class='ocrx_word' id='word_1_194' title='bbox 2474 2688 2745 2747; x_wconf 71' lang='lat' dir='ltr'><strong>distincte</strong></span> 
     </span>
     <span class='ocr_line' id='line_1_23' title="bbox 782 2786 2744 2870; baseline -0.001 -18"><span class='ocrx_word' id='word_1_195' title='bbox 782 2810 1019 2870; x_wconf 77' lang='lat' dir='ltr'><strong>semper</strong></span> <span class='ocrx_word' id='word_1_196' title='bbox 1042 2789 1108 2847; x_wconf 89' lang='lat' dir='ltr'><strong>in</strong></span> <span class='ocrx_word' id='word_1_197' title='bbox 1132 2786 1317 2847; x_wconf 92' lang='lat' dir='ltr'><strong>laude</strong></span> <span class='ocrx_word' id='word_1_198' title='bbox 1346 2787 1529 2866; x_wconf 89' lang='lat' dir='ltr'><strong>poni,</strong></span> <span class='ocrx_word' id='word_1_199' title='bbox 1556 2806 1671 2846; x_wconf 92' lang='lat' dir='ltr'><strong>nec</strong></span> <span class='ocrx_word' id='word_1_200' title='bbox 1704 2795 1936 2848; x_wconf 83' lang='lat' dir='ltr'><strong>veteres</strong></span> <span class='ocrx_word' id='word_1_201' title='bbox 1962 2788 2098 2849; x_wconf 85' lang='lat' dir='ltr'><strong>illos</strong></span> <span class='ocrx_word' id='word_1_202' title='bbox 2124 2788 2403 2850; x_wconf 89' lang='lat' dir='ltr'><strong>distincte</strong></span> <span class='ocrx_word' id='word_1_203' title='bbox 2424 2789 2744 2870; x_wconf 81' lang='lat' dir='ltr'><strong>disputasse</strong></span> 
     </span>
     <span class='ocr_line' id='line_1_24' title="bbox 782 2889 2745 2974; baseline 0.001 -21"><span class='ocrx_word' id='word_1_204' title='bbox 782 2892 992 2972; x_wconf 75' lang='lat' dir='ltr'><strong>negari</strong></span> <span class='ocrx_word' id='word_1_205' title='bbox 1026 2891 1322 2970; x_wconf 77' lang='lat' dir='ltr'><strong>potuisse,</strong></span> <span class='ocrx_word' id='word_1_206' title='bbox 1363 2890 1472 2949; x_wconf 89' lang='lat' dir='ltr'><strong>etsi</strong></span> <span class='ocrx_word' id='word_1_207' title='bbox 1504 2889 1745 2950; x_wconf 86' lang='lat' dir='ltr'><strong>minute</strong></span> <span class='ocrx_word' id='word_1_208' title='bbox 1778 2892 1986 2969; x_wconf 74' lang='lat' dir='ltr'><strong>negari</strong></span> <span class='ocrx_word' id='word_1_209' title='bbox 2022 2900 2250 2971; x_wconf 83' lang='lat' dir='ltr'><strong>posset:</strong></span> <span class='ocrx_word' id='word_1_210' title='bbox 2293 2893 2482 2971; x_wconf 75' lang='lat' dir='ltr'><strong>igitur</strong></span> <span class='ocrx_word' id='word_1_211' title='bbox 2515 2893 2745 2974; x_wconf 88' lang='lat' dir='ltr'><strong>requiri</strong></span> 
     </span>
     <span class='ocr_line' id='line_1_25' title="bbox 782 2991 2744 3074; baseline -0.002 -16"><span class='ocrx_word' id='word_1_212' title='bbox 782 2993 1148 3058; x_wconf 79' lang='lat' dir='ltr'><strong>vocabulum</strong></span> <span class='ocrx_word' id='word_1_213' title='bbox 1201 2991 1367 3071; x_wconf 89' lang='lat' dir='ltr'><strong>quod</strong></span> <span class='ocrx_word' id='word_1_214' title='bbox 1419 2991 1609 3070; x_wconf 83' lang='lat' dir='ltr'><strong>magis</strong></span> <span class='ocrx_word' id='word_1_215' title='bbox 1642 2993 1710 3051; x_wconf 88' lang='lat' dir='ltr'><strong>in</strong></span> <span class='ocrx_word' id='word_1_216' title='bbox 1744 2993 2278 3072; x_wconf 79' lang='lat' dir='ltr'><strong>reprehensionem</strong></span> <span class='ocrx_word' id='word_1_217' title='bbox 2314 2994 2565 3074; x_wconf 80' lang='lat' dir='ltr'><strong>putidae</strong></span> <span class='ocrx_word' id='word_1_218' title='bbox 2596 2995 2744 3055; x_wconf 79' lang='lat' dir='ltr'><strong>divi-</strong></span> 
     </span>
     <span class='ocr_line' id='line_1_26' title="bbox 780 3094 2744 3174; baseline -0.001 -14"><span class='ocrx_word' id='word_1_219' title='bbox 780 3098 961 3161; x_wconf 87' lang='lat' dir='ltr'><strong>sionis</strong></span> <span class='ocrx_word' id='word_1_220' title='bbox 997 3105 1058 3157; x_wconf 92' lang='lat' dir='ltr'><strong>et</strong></span> <span class='ocrx_word' id='word_1_221' title='bbox 1093 3096 1329 3155; x_wconf 88' lang='lat' dir='ltr'><strong>minute</strong></span> <span class='ocrx_word' id='word_1_222' title='bbox 1363 3095 1637 3154; x_wconf 79' lang='lat' dir='ltr'><strong>concisae</strong></span> <span class='ocrx_word' id='word_1_223' title='bbox 1668 3094 2090 3174; x_wconf 79' lang='lat' dir='ltr'><strong>disputationis</strong></span> <span class='ocrx_word' id='word_1_224' title='bbox 2121 3096 2410 3156; x_wconf 78' lang='lat' dir='ltr'><strong>inclinet:</strong></span> <span class='ocrx_word' id='word_1_225' title='bbox 2465 3096 2527 3155; x_wconf 90' lang='lat' dir='ltr'><strong>id</strong></span> <span class='ocrx_word' id='word_1_226' title='bbox 2559 3098 2744 3158; x_wconf 86' lang='lat' dir='ltr'><strong>latere</strong></span> 
     </span>
     <span class='ocr_line' id='line_1_27' title="bbox 782 3197 2744 3280; baseline -0.001 -18"><span class='ocrx_word' id='word_1_227' title='bbox 782 3205 850 3263; x_wconf 92' lang='lat' dir='ltr'><strong>in</strong></span> <span class='ocrx_word' id='word_1_228' title='bbox 899 3199 1085 3262; x_wconf 88' lang='lat' dir='ltr'><strong>Codd.</strong></span> <span class='ocrx_word' id='word_1_229' title='bbox 1138 3198 1399 3259; x_wconf 90' lang='lat' dir='ltr'><strong>lectione</strong></span> <span class='ocrx_word' id='word_1_230' title='bbox 1439 3197 1660 3258; x_wconf 80' lang='lat' dir='ltr'><strong>detecta</strong></span> <span class='ocrx_word' id='word_1_231' title='bbox 1678 3244 1697 3274; x_wconf 85' lang='lat'><em>,</em></span> <span class='ocrx_word' id='word_1_232' title='bbox 1741 3207 1801 3258; x_wconf 82' lang='lat' dir='ltr'><strong>et</strong></span> <span class='ocrx_word' id='word_1_233' title='bbox 1840 3200 1906 3258; x_wconf 90' lang='lat' dir='ltr'><strong>in</strong></span> <span class='ocrx_word' id='word_1_234' title='bbox 1943 3198 2190 3260; x_wconf 84' lang='lat' dir='ltr'><strong>Victorii</strong></span> <span class='ocrx_word' id='word_1_235' title='bbox 2224 3201 2450 3261; x_wconf 76' lang='lat' dir='ltr'><strong>desecta</strong></span> <span class='ocrx_word' id='word_1_236' title='bbox 2469 3246 2487 3276; x_wconf 95' lang='lat'><em>,</em></span> <span class='ocrx_word' id='word_1_237' title='bbox 2528 3220 2744 3280; x_wconf 88' lang='lat' dir='ltr'><strong>nempe</strong></span> 
     </span>
     <span class='ocr_line' id='line_1_28' title="bbox 780 3299 2744 3383; baseline -0.001 -17"><span class='ocrx_word' id='word_1_238' title='bbox 780 3307 1052 3366; x_wconf 76' lang='lat' dir='ltr'><strong>dissecta.</strong></span> <span class='ocrx_word' id='word_1_239' title='bbox 1147 3299 1500 3378; x_wconf 85' lang='lat' dir='ltr'><strong>Respondeo</strong></span> <span class='ocrx_word' id='word_1_240' title='bbox 1513 3346 1534 3377; x_wconf 87' lang='lat'><em>,</em></span> <span class='ocrx_word' id='word_1_241' title='bbox 1590 3301 1859 3379; x_wconf 87' lang='lat' dir='ltr'><strong>primum</strong></span> <span class='ocrx_word' id='word_1_242' title='bbox 1910 3323 2032 3364; x_wconf 92' lang='lat' dir='ltr'><strong>non</strong></span> <span class='ocrx_word' id='word_1_243' title='bbox 2086 3303 2341 3383; x_wconf 84' lang='lat' dir='ltr'><strong>spectari</strong></span> <span class='ocrx_word' id='word_1_244' title='bbox 2393 3323 2429 3363; x_wconf 89' lang='lat' dir='ltr'><strong>a</strong></span> <span class='ocrx_word' id='word_1_245' title='bbox 2461 3303 2744 3365; x_wconf 88' lang='lat' dir='ltr'><strong>Cicerone</strong></span> 
     </span>
     <span class='ocr_line' id='line_1_29' title="bbox 780 3402 2753 3487; baseline 0.001 -20"><span class='ocrx_word' id='word_1_246' title='bbox 780 3406 1308 3487; x_wconf 86' lang='lat' dir='ltr'><strong>reprehensionem</strong></span> <span class='ocrx_word' id='word_1_247' title='bbox 1352 3402 1535 3463; x_wconf 88' lang='lat' dir='ltr'><strong>huius</strong></span> <span class='ocrx_word' id='word_1_248' title='bbox 1581 3406 1819 3481; x_wconf 81' lang='lat' dir='ltr'><strong>generis</strong></span> <span class='ocrx_word' id='word_1_249' title='bbox 1837 3452 1854 3481; x_wconf 92' lang='lat'><em>‚</em></span> <span class='ocrx_word' id='word_1_250' title='bbox 1896 3405 2001 3466; x_wconf 86' lang='lat' dir='ltr'><strong>sed</strong></span> <span class='ocrx_word' id='word_1_251' title='bbox 2047 3405 2495 3467; x_wconf 88' lang='lat' dir='ltr'><strong>distinctionem</strong></span> <span class='ocrx_word' id='word_1_252' title='bbox 2525 3405 2603 3465; x_wconf 89' lang='lat' dir='ltr'><strong>ab</strong></span> <span class='ocrx_word' id='word_1_253' title='bbox 2635 3406 2753 3468; x_wconf 88' lang='lat' dir='ltr'><strong>illo</strong></span> 
     </span>
     <span class='ocr_line' id='line_1_30' title="bbox 780 3508 2741 3589; baseline -0.001 -18"><span class='ocrx_word' id='word_1_254' title='bbox 780 3508 1103 3589; x_wconf 83' lang='lat' dir='ltr'><strong>superiori:</strong></span> <span class='ocrx_word' id='word_1_255' title='bbox 1145 3514 1279 3566; x_wconf 89' lang='lat' dir='ltr'><strong>tum</strong></span> <span class='ocrx_word' id='word_1_256' title='bbox 1324 3526 1643 3585; x_wconf 88' lang='lat' dir='ltr'><strong>perperam</strong></span> <span class='ocrx_word' id='word_1_257' title='bbox 1689 3510 1871 3568; x_wconf 82' lang='lat' dir='ltr'><strong>statui</strong></span> <span class='ocrx_word' id='word_1_258' title='bbox 1904 3509 2564 3588; x_wconf 71' lang='lat' dir='ltr'><strong>putidamuivisionem</strong></span> <span class='ocrx_word' id='word_1_259' title='bbox 2594 3508 2658 3569; x_wconf 93' lang='lat' dir='ltr'><strong>h.</strong></span> <span class='ocrx_word' id='word_1_260' title='bbox 2696 3509 2741 3570; x_wconf 86' lang='lat' dir='ltr'><strong>l.</strong></span> 
     </span>
     <span class='ocr_line' id='line_1_31' title="bbox 780 3608 2741 3692; baseline 0 -19"><span class='ocrx_word' id='word_1_261' title='bbox 780 3615 850 3673; x_wconf 91' lang='lat' dir='ltr'><strong>in</strong></span> <span class='ocrx_word' id='word_1_262' title='bbox 895 3610 1102 3671; x_wconf 87' lang='lat' dir='ltr'><strong>Stoicis</strong></span> <span class='ocrx_word' id='word_1_263' title='bbox 1148 3608 1514 3689; x_wconf 87' lang='lat' dir='ltr'><strong>reprehendi</strong></span> <span class='ocrx_word' id='word_1_264' title='bbox 1548 3629 1583 3668; x_wconf 88' lang='lat' dir='ltr'><strong>a</strong></span> <span class='ocrx_word' id='word_1_265' title='bbox 1619 3610 1936 3689; x_wconf 83' lang='lat' dir='ltr'><strong>Cicerone3</strong></span> <span class='ocrx_word' id='word_1_266' title='bbox 1983 3613 2164 3673; x_wconf 84' lang='lat' dir='ltr'><strong>talem</strong></span> <span class='ocrx_word' id='word_1_267' title='bbox 2210 3614 2373 3673; x_wconf 90' lang='lat' dir='ltr'><strong>enim</strong></span> <span class='ocrx_word' id='word_1_268' title='bbox 2410 3631 2741 3692; x_wconf 86' lang='lat' dir='ltr'><strong>numquam</strong></span> 
     </span>
     <span class='ocr_line' id='line_1_32' title="bbox 779 3715 2741 3796; baseline 0.002 -23"><span class='ocrx_word' id='word_1_269' title='bbox 779 3715 909 3795; x_wconf 89' lang='lat' dir='ltr'><strong>ipse</strong></span> <span class='ocrx_word' id='word_1_270' title='bbox 954 3719 1193 3772; x_wconf 76' lang='lat' dir='ltr'><strong>secutus</strong></span> <span class='ocrx_word' id='word_1_271' title='bbox 1246 3721 1427 3772; x_wconf 88' lang='lat' dir='ltr'><strong>esset:</strong></span> <span class='ocrx_word' id='word_1_272' title='bbox 1480 3723 1783 3793; x_wconf 88' lang='lat' dir='ltr'><strong>postremo</strong></span> <span class='ocrx_word' id='word_1_273' title='bbox 1825 3715 2134 3796; x_wconf 88' lang='lat' dir='ltr'><strong>aliquanto</strong></span> <span class='ocrx_word' id='word_1_274' title='bbox 2169 3716 2457 3777; x_wconf 83' lang='lat' dir='ltr'><strong>audacius</strong></span> <span class='ocrx_word' id='word_1_275' title='bbox 2489 3716 2741 3777; x_wconf 84' lang='lat' dir='ltr'><strong>vocabu·</strong></span> 
     </span>
     <span class='ocr_line' id='line_1_33' title="bbox 780 3812 2743 3899; baseline -0.001 -20"><span class='ocrx_word' id='word_1_276' title='bbox 780 3819 913 3879; x_wconf 89' lang='lat' dir='ltr'><strong>lum</strong></span> <span class='ocrx_word' id='word_1_277' title='bbox 948 3812 1194 3875; x_wconf 87' lang='lat' dir='ltr'><strong>obtrudi</strong></span> <span class='ocrx_word' id='word_1_278' title='bbox 1228 3814 1534 3893; x_wconf 89' lang='lat' dir='ltr'><strong>Ciceroni,</strong></span> <span class='ocrx_word' id='word_1_279' title='bbox 1578 3819 1751 3878; x_wconf 88' lang='lat' dir='ltr'><strong>cuius</strong></span> <span class='ocrx_word' id='word_1_280' title='bbox 1785 3819 1958 3879; x_wconf 84' lang='lat' dir='ltr'><strong>nulla</strong></span> <span class='ocrx_word' id='word_1_281' title='bbox 1991 3820 2067 3880; x_wconf 88' lang='lat' dir='ltr'><strong>sit</strong></span> <span class='ocrx_word' id='word_1_282' title='bbox 2102 3822 2423 3881; x_wconf 86' lang='lat' dir='ltr'><strong>auctoritas</strong></span> <span class='ocrx_word' id='word_1_283' title='bbox 2452 3820 2570 3882; x_wconf 91' lang='lat' dir='ltr'><strong>hoc</strong></span> <span class='ocrx_word' id='word_1_284' title='bbox 2602 3819 2743 3899; x_wconf 88' lang='lat' dir='ltr'><strong>qui-</strong></span> 
     </span>
     <span class='ocr_line' id='line_1_34' title="bbox 782 3918 2741 4004; baseline 0.002 -23"><span class='ocrx_word' id='word_1_285' title='bbox 782 3922 921 3981; x_wconf 89' lang='lat' dir='ltr'><strong>dem</strong></span> <span class='ocrx_word' id='word_1_286' title='bbox 949 3939 1124 3979; x_wconf 86' lang='lat' dir='ltr'><strong>sensu</strong></span> <span class='ocrx_word' id='word_1_287' title='bbox 1157 3918 1365 4000; x_wconf 86' lang='lat' dir='ltr'><strong>(semel</strong></span> <span class='ocrx_word' id='word_1_288' title='bbox 1385 3920 1593 3982; x_wconf 88' lang='lat' dir='ltr'><strong>Cicero</strong></span> <span class='ocrx_word' id='word_1_289' title='bbox 1611 3921 1771 3982; x_wconf 84' lang='lat' dir='ltr'><strong>Orat.</strong></span> <span class='ocrx_word' id='word_1_290' title='bbox 1794 3922 1888 3999; x_wconf 89' lang='lat'><strong>11,</strong></span> <span class='ocrx_word' id='word_1_291' title='bbox 1915 3921 2025 3999; x_wconf 91' lang='lat'><strong>27,</strong></span> <span class='ocrx_word' id='word_1_292' title='bbox 2062 3922 2208 4000; x_wconf 90' lang='grc'>117,</span> <span class='ocrx_word' id='word_1_293' title='bbox 2235 3944 2445 3984; x_wconf 75' lang='lat' dir='ltr'><strong>caueae</strong></span> <span class='ocrx_word' id='word_1_294' title='bbox 2479 3926 2547 3981; x_wconf 78' lang='lat' dir='ltr'><strong>in</strong></span> <span class='ocrx_word' id='word_1_295' title='bbox 2562 3925 2741 4004; x_wconf 75' lang='lat' dir='ltr'><strong>pluro</strong></span> 
     </span>
     <span class='ocr_line' id='line_1_35' title="bbox 778 4023 2737 4108; baseline -0.001 -22"><span class='ocrx_word' id='word_1_296' title='bbox 778 4045 995 4108; x_wconf 73' lang='lat' dir='ltr'><strong>genera</strong></span> <span class='ocrx_word' id='word_1_297' title='bbox 1044 4042 1238 4085; x_wconf 79' lang='lat' dir='ltr'><strong>secere</strong></span> <span class='ocrx_word' id='word_1_298' title='bbox 1253 4069 1272 4101; x_wconf 92' lang='lat'><em>,</em></span> <span class='ocrx_word' id='word_1_299' title='bbox 1321 4044 1444 4085; x_wconf 92' lang='lat' dir='ltr'><strong>non</strong></span> <span class='ocrx_word' id='word_1_300' title='bbox 1485 4026 1772 4085; x_wconf 73' lang='lat' dir='ltr'><strong>dissecare</strong></span> <span class='ocrx_word' id='word_1_301' title='bbox 1789 4023 1834 4106; x_wconf 92' lang='lat'><strong>,)</strong></span> <span class='ocrx_word' id='word_1_302' title='bbox 1873 4026 2160 4106; x_wconf 88' lang='lat' dir='ltr'><strong>quodque</strong></span> <span class='ocrx_word' id='word_1_303' title='bbox 2191 4026 2488 4087; x_wconf 86' lang='lat' dir='ltr'><strong>eiusmodi</strong></span> <span class='ocrx_word' id='word_1_304' title='bbox 2523 4027 2737 4086; x_wconf 81' lang='lat' dir='ltr'><strong>vitium</strong></span> 
     </span>
     <span class='ocr_line' id='line_1_36' title="bbox 781 4125 2734 4210; baseline 0.003 -26"><span class='ocrx_word' id='word_1_305' title='bbox 781 4127 846 4184; x_wconf 86' lang='lat' dir='ltr'><strong>in</strong></span> <span class='ocrx_word' id='word_1_306' title='bbox 902 4125 1262 4204; x_wconf 87' lang='lat' dir='ltr'><strong>disputando</strong></span> <span class='ocrx_word' id='word_1_307' title='bbox 1308 4128 1640 4206; x_wconf 82' lang='lat' dir='ltr'><strong>contineat,</strong></span> <span class='ocrx_word' id='word_1_308' title='bbox 1698 4129 1860 4207; x_wconf 85' lang='lat' dir='ltr'><strong>quod</strong></span> <span class='ocrx_word' id='word_1_309' title='bbox 1907 4150 1985 4190; x_wconf 91' lang='lat' dir='ltr'><strong>ne</strong></span> <span class='ocrx_word' id='word_1_310' title='bbox 2024 4150 2135 4209; x_wconf 89' lang='lat' dir='ltr'><strong>per</strong></span> <span class='ocrx_word' id='word_1_311' title='bbox 2165 4149 2458 4191; x_wconf 80' lang='lat' dir='ltr'><strong>summam</strong></span> <span class='ocrx_word' id='word_1_312' title='bbox 2489 4130 2734 4210; x_wconf 82' lang='lat' dir='ltr'><strong>quidem</strong></span> 
     </span>
    </p>
   </div>
  </div>
 </body>
</html>
