3131 5032
1664 480 1761 555 90

554 712 644 768 2⁵.
712 692 816 767 las
858 693 1053 767 facit.
1163 690 1660 785 Quamobrem
1707 708 1835 767 aut
1882 692 2217 792 exigendi
2272 717 2477 793 reges
2523 721 2676 770 non

710 809 1041 903 fuerunt,
1070 826 1198 885 ant
1245 812 1444 914 plebi
1493 836 1574 886 re
1620 838 1777 891 non
1808 813 2037 887 verbo
2074 812 2311 888 danda
2343 815 2676 890 libertas:

712 956 904 1030 quae
935 947 1179 1008 tamen
1210 937 1315 1006 sic
1346 933 1514 1007 data
1549 947 1660 1007 est
1696 946 1780 1007 ut
1811 932 2057 1008 multis
2091 935 2677 1035 praeclarissimis

713 1049 1170 1125 addiceretur
1205 1068 1228 1111 ⁸
1291 1066 1377 1124 ut
1440 1056 1855 1126 auctoritati
1905 1056 2322 1155 principum
2368 1055 2679 1130 cederet.

553 1188 647 1245 11.
712 1174 977 1246 Nostra
1005 1186 1251 1247 autem
1287 1196 1533 1264 causa,
1581 1197 1801 1272 quae,
1851 1178 2129 1275 optime
2160 1190 2234 1248 et
2263 1175 2678 1251 dulcissime

713 1289 976 1383 frater,
1035 1290 1290 1365 incidit
1334 1295 1411 1364 in
1453 1292 1922 1366 tribuniciam
1977 1309 2409 1393 potestatem
2426 1351 2449 1389 ,
2495 1297 2682 1370 nihil

712 1410 973 1484 babuit
1017 1414 1507 1487 contentionis
1560 1436 1732 1484 cum
1772 1410 2174 1486 tribunatu.
2269 1419 2436 1488 Non
2481 1421 2681 1493 enim

715 1530 968 1631 plebes
1003 1534 1300 1604 incitata
1337 1535 1606 1604 nostris
1643 1532 1863 1606 rebus
1894 1533 2185 1606 invidit:
2227 1535 2356 1609 sed
2394 1538 2684 1612 vincula

714 1652 953 1724 soluta
981 1665 1189 1742 sunt,
1240 1665 1315 1724 et
1344 1654 1636 1725 servitia
1664 1655 1989 1747 incitata,
2020 1654 2365 1729 adiuncto
2402 1671 2683 1732 terrore

716 1775 931 1844 etiam
965 1771 1279 1844 militari.
1376 1774 1636 1870 Neque
1671 1769 1887 1844 nobis
1926 1796 2093 1845 cum
2128 1772 2248 1847 illa
2283 1787 2443 1846 tum
2473 1790 2682 1875 peste

714 1905 1081 1964 certamen
1127 1889 1308 1980 fuit,
1355 1888 1481 1963 sed
1528 1913 1699 1962 cum
1744 1895 2163 1989 gravissimo
2205 1898 2313 1966 rei
2350 1893 2682 1995 publioee

713 2025 1081 2109 tempore;
1127 2013 1255 2082 cui
1305 2012 1370 2081 si
1412 2033 1567 2081 non
1607 2013 2008 2103 cessissem,
2056 2036 2207 2084 non
2228 2013 2681 2091 diuturnum

710 2126 1056 2203 beneficii
1087 2132 1231 2201 mei
1261 2131 1494 2229 patria
1518 2125 1842 2202 fructum
1870 2130 2172 2208 tulisset.
2268 2137 2511 2233 Atque
2535 2135 2682 2209 hoc

711 2251 819 2320 rei
853 2251 1093 2320 exitus
1123 2247 1488 2322 indicavit.
1550 2249 1734 2340 Quis
1762 2252 1996 2342 enim,
2029 2276 2179 2327 non
2205 2253 2428 2327 modo
2462 2254 2681 2348 liber,

709 2366 839 2441 sed
912 2371 1128 2441 etiam
1165 2382 1194 2424 ²
1268 2391 1518 2440 servus
1599 2367 1931 2444 libertate
1990 2371 2256 2471 dignus
2310 2373 2488 2467 fuit,
2558 2379 2680 2451 cui

552 2507 641 2566 κ.
713 2500 959 2564 nostra
1006 2487 1200 2564 salus
1252 2511 1416 2563 oera
1467 2512 1622 2562 non
1677 2492 1906 2564 esset?
1972 2492 2301 2585 Quodsi
2354 2500 2416 2570 ie
2469 2522 2678 2573 oesus

709 2606 962 2681 fuisset
997 2633 1246 2682 rerum
1294 2634 1478 2707 quas
1525 2634 1660 2710 pro
1696 2611 1928 2685 salute
1959 2618 2065 2690 rei
2094 2616 2431 2715 publicae
2460 2622 2678 2716 gessi·

709 2751 905 2818 mus,
955 2741 1039 2800 ut
1098 2752 1252 2801 non
1307 2728 1654 2802 omnibus
1708 2745 1956 2829 gratus
2017 2749 2237 2827 esset,
2299 2751 2374 2810 et
2427 2742 2490 2810 si
2543 2763 2680 2812 nos

710 2844 1197 2920 multitudinis
1249 2851 1355 2924 vis
1399 2861 1427 2901 ⁸
1488 2844 1834 2941 furentis,
1899 2850 2339 2929 inflammata
2411 2857 2679 2932 invidia

710 2967 1136 3068 pepulisset,
1172 2966 1561 3041 tribunicia
1586 2971 1717 3066 qui
1749 2973 1827 3042 in
1859 2995 1977 3044 me
2001 2986 2030 3028 ⁴
2063 2974 2457 3073 populum,
2489 2981 2678 3052 sicut

710 3086 1084 3160 Gracchus
1118 3090 1197 3159 in
1229 3092 1618 3162 Laenatem
1638 3140 1660 3179 ‚
1691 3092 2122 3165 Saturninus
2156 3098 2232 3168 in
2268 3097 2676 3191 Metellum,

709 3209 1113 3296 incitasset,
1159 3204 1549 3298 ferremus,
1599 3232 1648 3280 o
1705 3209 1978 3300 Quinte
2045 3209 2305 3307 frater,
2356 3217 2677 3293 consola-

712 3338 1118 3421 renturque
1163 3349 1303 3397 nos
1347 3348 1501 3396 non
1540 3339 1690 3399 tam
1732 3327 2152 3430 philosophi
2199 3338 2330 3431 qui
2374 3335 2679 3416 Athenis

711 3441 1039 3535 fuerunt,
1091 3448 1222 3543 qui
1253 3442 1402 3516 hoc
1429 3438 1666 3519 facere
1700 3446 2005 3541 debent,
2052 3474 2274 3549 quam
2307 3453 2676 3530 clariaeimi

713 3564 879 3653 viri,
929 3567 1064 3661 qui
1110 3564 1229 3637 illa
1267 3562 1454 3638 urbe
1506 3565 1699 3665 pulsi
1739 3591 1984 3642 carere
2025 3572 2304 3669 ingrata
2353 3579 2671 3669 civitate,

714 3706 941 3783 quam
975 3707 1271 3758 manere
1295 3689 1372 3756 in
1395 3686 1734 3785 improba
1764 3688 2196 3764 maluerunt.
2244 3698 2673 3795 Pompeium

713 3826 890 3876 vero
925 3801 1135 3901 quod
1185 3827 1332 3878 una
1374 3808 1512 3878 ista
1559 3808 1639 3877 in
1683 3830 1762 3879 re
1808 3831 1962 3881 non
1998 3814 2098 3883 ita
2130 3811 2336 3887 valde
2370 3816 2675 3915 probas,

715 3925 834 3995 vix
866 3926 1038 3996 satis
1075 3921 1255 3995 mihi
1289 3923 1470 3997 illud
1503 3925 1766 4000 videris
1790 3928 2195 4025 attendere,
2243 3959 2396 4009 non
2434 3938 2671 4011 solum

775 4194 794 4230 ¹
824 4187 1184 4246 adducerem.
1234 4187 1531 4265 ²[otinm10
1594 4196 1621 4237 ὃ
1666 4195 1888 4251 oni-vis.
1949 4199 1974 4243 ὁ
2006 4197 2391 4271 tribuniciique
2405 4204 2686 4263 visione.
