3131 5032
615 720 765 778 rent
809 705 1009 800 plane
1053 703 1256 775 Attici
1304 715 1579 797 propter
1623 714 2034 772 constantem
2075 701 2266 772 illum
2308 724 2555 797 aequa·
2661 678 2670 687 ⁸

615 833 819 904 litatis
882 854 1172 902 morem:
1236 829 1355 901 sed
1420 841 1598 899 totae
1644 841 1865 899 essent
1916 832 2239 901 orationes
2289 852 2554 925 percur-

613 960 855 1031 rendae
886 961 942 1030 si
969 960 1120 1053 quis
1149 958 1337 1028 istius
1362 956 1551 1051 quasi
1575 955 1802 1026 vultus
1836 955 2231 1026 lineamenta
2248 955 2554 1049 colligere

614 1087 815 1159 vellet
834 1140 855 1178 ,
927 1106 1128 1181 quem
1190 1084 1408 1155 verbis
1461 1083 1822 1177 depingere
1874 1076 2366 1177 desperandum
2426 1094 2550 1151 est.

614 1216 866 1285 Romae
913 1212 1231 1307 pleraque
1278 1210 1571 1280 multum
1613 1209 1870 1280 diversa
1906 1223 2125 1280 erant:
2173 1212 2241 1279 in
2280 1232 2413 1303 qua
2459 1210 2556 1279 ci-

610 1340 814 1411 vitate
867 1359 1086 1433 neque
1140 1336 1457 1426 eruditio,
1508 1358 1727 1431 neque
1773 1358 1988 1407 sermo
2007 1387 2027 1424 ,
2077 1357 2293 1428 neque
2333 1336 2556 1405 existi-

613 1464 817 1536 matio
836 1464 1068 1535 eadem
1089 1474 1230 1533 erat
1251 1463 1573 1533 omnium.
1624 1458 1836 1531 Nullis
1855 1460 2196 1531 discordiis
2218 1460 2554 1554 nullisque

607 1590 1042 1664 seditionibus
1092 1588 1400 1683 impediri
1454 1600 1764 1682 potuerat
1783 1638 1804 1676 ‚
1852 1590 2019 1681 quin
2077 1587 2398 1656 maximae
2447 1608 2551 1657 ια

607 1717 791 1788 domi
829 1715 1129 1811 bellique
1175 1736 1296 1809 per
1344 1715 1662 1808 principis
1715 1713 1961 1784 ordinis
2005 1714 2212 1782 socios
2257 1733 2551 1805 gereren-

609 1857 763 1933 tur,
825 1857 896 1914 et
952 1844 1269 1935 imperia,
1336 1840 1730 1931 legationes,
1794 1840 1975 1931 pacis
2010 1837 2311 1927 foedera,
2360 1839 2554 1909 iuris-

606 1969 811 2039 dictio
830 2020 851 2058 ,
887 1963 1387 2036 innumerabilia
1419 1963 1543 2033 alia
1578 1966 1646 2031 in
1676 1962 1914 2033 horum
1949 1975 2279 2057 potestate
2309 1976 2549 2035 essent.

604 2095 777 2165 Hinc
798 2147 818 2184 ,
867 2115 1081 2186 quum
1145 2101 1514 2185 perpetuus
1572 2090 1854 2160 Senatus
1907 2090 2319 2185 principatus
2379 2105 2552 2161 esset

603 2218 1129 2313 eorumdemque
1167 2215 1511 2287 hominum
1531 2268 1551 2304 ,
1602 2215 1956 2310 prudentia
2002 2216 2331 2310 quaedam
2366 2238 2548 2287 sena·

603 2346 770 2418 toria
805 2356 1100 2416 creverat
1122 2396 1142 2433 ,
1176 2365 1351 2437 quae
1389 2342 1683 2413 multum
1719 2356 2064 2436 superaret
2101 2342 2549 2414 multitudinis

604 2472 944 2542 levitatem
1001 2482 1070 2541 et
1134 2469 1571 2564 imperitiam:
1619 2467 1738 2539 sed
1796 2470 2003 2539 oratio
2043 2490 2315 2563 quoque
2350 2469 2548 2541 simul

600 2598 1000 2688 nascebatur
1022 2650 1042 2687 ,
1094 2598 1217 2668 nisi
1265 2595 1489 2667 studio
1532 2596 1872 2689 literisque
1894 2648 1914 2684 ,
1964 2607 2145 2666 certe
2190 2608 2549 2666 consuetu-

603 2728 760 2797 dine
785 2739 853 2796 et
881 2724 1185 2819 exemplo
1211 2723 1753 2818 praestantissimi
1778 2723 2102 2816 cuiusque
2125 2722 2510 2793 confirmata
2527 2775 2548 2812 ,

603 2854 1015 2948 aliquantum
1063 2852 1177 2920 illa
1210 2850 1467 2921 diversa
1507 2876 1545 2920 a
1588 2851 1922 2921 communi
1972 2848 2263 2920 infantia.
2362 2851 2550 2937 Quae

604 2981 828 3075 opinio
865 2979 1112 3051 ordinis
1150 2991 1219 3048 et
1256 2979 1765 3068 magistratuum
1802 2977 2285 3046 observantiam
2323 2987 2546 3046 aucto-

604 3107 1000 3196 ritatemque
1037 3100 1460 3171 confirmaret
1493 3102 1565 3168 in
1606 3100 1845 3193 vulgus
1863 3152 1883 3189 ,
1931 3098 2223 3169 declarat
2266 3122 2547 3171 consue-

608 3227 776 3299 tudo
810 3225 1164 3297 verborum
1186 3277 1206 3314 ,
1256 3247 1521 3318 quum„
1562 3237 1642 3295 ut
1681 3224 1807 3294 alia
1847 3223 2059 3294 multa
2098 3239 2545 3319 praeteream,

603 3367 674 3425 et
721 3353 1051 3443 splendor
1089 3364 1159 3421 et
1212 3350 1535 3420 honestas
1571 3353 1641 3419 in
1685 3351 2025 3445 equitibus
2079 3352 2390 3424 Romanis
2409 3405 2429 3442 ,
2479 3366 2549 3423 et

608 3482 933 3574 dignitas
973 3492 1043 3549 et
1092 3478 1487 3569 amplitudo
1542 3479 1811 3572 proprie
1849 3477 1917 3546 in
1959 3480 2283 3549 senatorio
2324 3478 2553 3548 ordine

614 3607 684 3678 et
724 3609 793 3677 in
845 3605 1337 3699 magistratibus
1383 3616 1811 3699 ponerentur.
1912 3606 2010 3675 Ne
2065 3605 2230 3673 boni
2280 3605 2551 3701 quidem

612 3747 684 3806 et
741 3736 1108 3825 optimates
1163 3729 1478 3826 appellati
1538 3728 1819 3801 fuissent
1881 3743 2061 3801 certa
2105 3743 2175 3801 et
2233 3744 2552 3826 perpetua

614 3858 1093 3931 consuetudine
1111 3910 1132 3948 ,
1166 3858 1290 3930 nisi
1320 3868 1583 3951 praeter
1613 3857 2001 3927 sententiam
2030 3856 2118 3926 de
2145 3879 2218 3927 re
2247 3857 2514 3952 publica
2533 3913 2553 3950 ,

612 3986 988 4059 conditione
1025 4005 1297 4080 quoque
1335 3996 1403 4054 et
1443 3997 1781 4054 momento
1815 3983 2110 4077 reliquae
2142 3983 2555 4056 multitudini

615 4122 945 4209 praestare
998 4111 1347 4182 existimati
1396 4120 1636 4181 essent.
1739 4109 1911 4179 Tum
1949 4109 2116 4179 nihil
2147 4108 2358 4205 magis
2393 4110 2552 4182 alie-
