3131 5032
1130 425 1272 494 Lm.
1317 426 1415 511 ΙΙ,
1464 432 1539 514 3,
1589 432 1653 491 6.
2239 430 2370 496 473

404 633 672 714 Aspim
723 633 1086 693 decurrentes
1104 680 1123 709 ‚
1175 636 1314 715 agri
1364 635 1740 714 aliquantum
1773 634 2031 714 anaplem‘
2074 636 2384 715 confluunt

415 736 489 792 in
520 755 725 795 unum.

496 838 653 917 qaod
697 839 845 897 satis
894 835 1000 918 sit)
1097 837 1357 898 Otiosam
1411 857 1536 898 esse
1582 837 1861 898 Lambini
1911 837 2345 898 correctionem
2366 883 2385 913 ,

415 942 651 1019 quoad,
695 942 985 1001 evincunt
1025 960 1270 1020 quoque
1314 948 1519 1001 notata
1554 940 1858 1000 Gronovio
1893 939 1969 999 ad
2005 940 2134 1002 Liv.
2167 939 2384 1017 XXVI,

415 1042 499 1102 32
519 1088 536 1117 ,
578 1041 638 1102 6.
674 1074 755 1085 -
789 1042 1134 1117 Palaestra,
1192 1041 1434 1121 aliaque
1488 1041 1761 1102 eiusdem
1811 1042 2051 1122 generis
2082 1043 2145 1101 in
2180 1042 2392 1102 Roma·

416 1163 640 1205 norum
684 1144 842 1205 villis
885 1143 1195 1205 declarant
1234 1145 1517 1204 insanum
1556 1143 1828 1204 studium
1861 1144 2187 1205 imitandae
2215 1145 2392 1206 Grae-

418 1248 582 1309 ciae:
623 1247 781 1310 conf.
816 1247 896 1308 ad
930 1247 1062 1307 niv.
1100 1246 1247 1322 vn,
1288 1247 1405 1322 23,
1446 1247 1516 1307 2:
1559 1246 1727 1308 Verr.
1763 1246 1840 1323 V,
1882 1247 1994 1321 72,
2042 1246 2176 1307 185.

504 1364 801 1431 tamquam
835 1353 903 1410 id
935 1351 1208 1410 habuerit
1236 1352 1427 1430 operis
1461 1372 1532 1411 ac
1570 1348 1856 1431 muneris)
1913 1350 2261 1411 Schwartzii
2291 1369 2394 1409 no-

422 1466 546 1517 tam
584 1457 662 1517 ad
700 1456 854 1516 Plin.
889 1456 1175 1535 Panegyr.
1195 1501 1213 1530 ‚
1255 1474 1437 1534 quam
1463 1454 1847 1516 commendat
1865 1455 2223 1530 Cruezerus‚
2260 1455 2395 1536 (qui

420 1561 578 1621 tanti
614 1560 758 1620 fecit
783 1560 943 1619 hanc
976 1558 1484 1632 admonitionem,
1528 1566 1597 1617 ut
1643 1577 1776 1618 eam
1816 1558 2063 1618 iteraret
2097 1559 2173 1618 ad
2192 1558 2394 1618 Divin.

419 1663 491 1739 1,
535 1663 650 1738 32,
692 1662 826 1745 71),
878 1662 1147 1740 reperire
1200 1682 1323 1721 non
1380 1661 1568 1738 potui.
1668 1661 1785 1720 Sed
1839 1662 2066 1722 locutio
2115 1662 2399 1722 translata

414 1772 511 1824 est
543 1764 622 1824 de
659 1765 1103 1825 redemtoribns
1136 1784 1414 1843 operum:
1458 1771 1519 1823 et
1556 1763 1755 1823 aliena
1787 1763 2109 1824 confundit
2136 1765 2395 1826 Ellendt.

400 1867 504 1928 ‘ad
539 1868 704 1928 Brut.
741 1867 853 1943 54,
894 1866 1035 1928 200.
1070 1900 1151 1912 -
1184 1867 1501 1946 Effeoera,
1544 1867 1712 1946 quod
1745 1868 1958 1947 optimi
1985 1868 2126 1927 libri
2159 1876 2396 1942 tenent,

416 1973 581 2033 bene
616 1971 681 2030 in
718 1970 1119 2032 deterioribus
1151 1978 1491 2030 correctum
1525 1978 1633 2030 est.

508 2077 685 2155 quasi
720 2076 785 2132 in
802 2074 1122 2155 familiam
1145 2074 1478 2153 patriciam
1511 2069 1763 2152 venerit)
1846 2072 2182 2133 Pan-iciam
2202 2075 2398 2153 fami·

420 2178 610 2253 liam,
667 2177 834 2257 quod
886 2176 1012 2237 duo
1080 2175 1158 2235 de
1216 2175 1368 2234 meis
1432 2175 1686 2250 habent,
1744 2183 1911 2234 recte
1962 2176 2319 2254 repudiatur
2365 2196 2403 2238 a

420 2279 670 2339 nouem.
769 2277 1095 2337 Creuzerns
1143 2295 1338 2355 quum
1391 2275 1542 2335 dicit
1590 2276 1899 2354 eleganter
1943 2278 2006 2338 h.
2043 2278 2085 2338 l.
2129 2278 2397 2338 Tullium

425 2383 657 2442 venerit
708 2381 967 2440 scribere
1024 2378 1191 2459 quod
1245 2378 1395 2439 alibi
1451 2379 1688 2438 dicatur
1741 2380 1938 2459 adlegi
1953 2426 1971 2455 ‚
2012 2401 2226 2459 parum
2273 2382 2400 2460 ipse

425 2485 739 2563 eleganter
789 2483 1220 2564 interpretatur
1237 2530 1255 2559 ‚
1297 2483 1346 2542 si
1380 2482 1632 2562 quidem
1665 2482 2040 2544 vitiosissime
2072 2485 2404 2563 scripturus

425 2586 638 2647 suisset
655 2587 886 2662 Cicero,
915 2588 964 2646 si
991 2586 1234 2647 dixisset
1257 2588 1324 2645 in
1336 2586 1654 2667 familiam
1677 2589 2006 2665 patriciam
2030 2589 2271 2650 allectus
2291 2592 2400 2651 sie.

426 2689 632 2751 Potius
680 2690 1069 2770 cogitandum
1124 2709 1267 2751 enm
1316 2690 1434 2749 hoe
1483 2688 1745 2767 simplici
1792 2689 1978 2751 verbo
2029 2712 2205 2752 usum
2242 2712 2400 2771 esse,

430 2812 554 2853 non
616 2796 1042 2875 tran-'susianis
1059 2839 1078 2869 ,
1144 2800 1248 2853 aut
1311 2795 1679 2868 infusionis,
1743 2813 2005 2872 quorum
2072 2804 2403 2876 utrumque

433 2913 578 2953 cum
610 2896 1013 2974 corruptionis
1045 2894 1479 2974 significatione
1499 2879 1897 2955 coniunctum
1931 2905 2113 2956 esset:
2148 2898 2226 2958 cs.
2246 2898 2401 2960 Bibl.

438 2995 535 3057 Cr.
575 2996 645 3057 Ν.
680 2997 808 3072 111,
847 3019 907 3077 p.
942 2998 1080 3059 222.
1117 3019 1204 3078 sq.
1287 2998 1600 3074 Ceterum,
1653 3018 2018 3078 quamquam
2064 3010 2408 3062 constanter

432 3107 672 3159 servant
719 3099 904 3159 Codd.
954 3104 1213 3177 venerit,
1271 3102 1538 3180 suspicor
1589 3102 1918 3180 legendum
1965 3123 2088 3162 esse
2142 3108 2404 3165 veniret.-

430 3202 555 3264 alio
606 3204 771 3264 enim
821 3203 1002 3264 modo
1053 3204 1370 3265 dicebatur
1418 3216 1716 3284 tamquam
1764 3206 1834 3264 id
1865 3206 2135 3267 habuerit
2169 3243 2248 3255 —
2268 3253 2287 3283 ,
2328 3208 2404 3269 de

430 3326 502 3366 re
535 3307 836 3384 absoluta,
878 3308 999 3368 alio
1030 3328 1197 3368 nunc
1246 3307 1472 3368 dicitur
1505 3310 1682 3387 quasi
1719 3311 1942 3369 veniret
1975 3308 2053 3369 de
2084 3331 2150 3370 re
2187 3312 2404 3371 identi-

424 3408 574 3468 dem
625 3411 995 3471 continuata.
1043 3442 1126 3454 —
1171 3409 1303 3469 Mox
1348 3430 1625 3489 umquam
1673 3411 1855 3490 attigi
1870 3455 1888 3484 ‚
1941 3410 2106 3489 quod
2160 3413 2402 3491 Lagom.

435 3510 572 3571 127.
602 3511 819 3588 habet,
862 3519 1176 3571 enotatum
1212 3518 1341 3570 erat
1376 3529 1449 3569 ex
1486 3509 1619 3570 Asc.
1657 3510 1715 3570 2.
1751 3509 1916 3590 apud
1946 3511 2258 3575 Mosei-um.

517 3615 673 3691 quod
723 3617 791 3672 in
840 3615 1112 3674 Phaedro
1159 3615 1437 3674 Platonis
1470 3615 1644 3694 facit
1695 3612 1987 3693 Socrates)
2094 3614 2404 3680 Platonem

434 3715 609 3793 sequi
658 3735 721 3775 se
769 3735 947 3794 supra
976 3716 1037 3793 1,
1079 3718 1157 3790 5,
1201 3717 1312 3792 15,
1354 3716 1834 3776 commodissime
1886 3716 2158 3796 dixerat,
2208 3741 2405 3800 quum

433 3824 721 3895 ageretur
762 3817 841 3877 de
876 3827 1002 3879 toto
1037 3820 1310 3880 instituto
1341 3820 1526 3879 huius
1555 3819 1679 3879 diei
1712 3828 1775 3879 et
1808 3823 2126 3881 sermonis:
2173 3826 2237 3882 in
2275 3834 2405 3884 tam

437 3920 673 3980 minuta
721 3942 790 3981 re
839 3920 1016 4003 (pede
1054 3926 1290 4005 flumen
1348 3922 1610 4004 tangere)
1667 3925 1769 3983 vix
1820 3923 2113 3984 credibile
2162 3935 2251 3985 est
2299 3935 2407 3986 aut

435 4022 734 4083 Socratem
753 4071 772 4099 ‚
825 4034 931 4086 ant
981 4026 1287 4088 Platonem
1344 4026 1521 4087 fuisse
1562 4028 1919 4087 excitatum:
1980 4046 2180 4107 neque
2226 4048 2366 4088 mox
2383 4075 2402 4105 ,

436 4127 641 4189 verbis
669 4130 1046 4191 concidamus
1085 4133 1154 4191 in
1186 4131 1392 4192 umbra
1426 4129 1596 4191 addit
1631 4132 1790 4191 sicut
1823 4130 2093 4191 Socrates
2125 4143 2181 4192 et
2213 4133 2402 4193 Phae·
