3131 5032
605 485 737 530 XXX

698 673 839 738 Non
870 662 1175 736 convenit
1213 662 1384 728 inter
1416 657 1581 725 viros
1612 654 1871 733 doctos,
1917 667 2141 720 utrum
2170 645 2582 740 prooemium

609 777 945 871 quoddam
997 769 1405 841 destinaverit
1451 767 1550 834 his
1598 765 1776 832 libris
1818 763 2072 843 Cicero,
2135 785 2217 829 an
2261 761 2350 827 sie
2391 759 2577 849 quasi

608 893 954 975 ἀκεφάλους
985 887 1183 956 edere
1209 880 1499 951 voluerit.
1584 880 1763 962 Quae
1784 876 1868 944 sit
1893 875 2028 942 eius
2055 874 2126 951 in
2153 872 2411 962 reliquis
2439 872 2578 941 fere

538 998 543 1009 ’
609 1000 910 1073 omnihus
940 994 1191 1086 scriptis
1222 989 1654 1069 consuetudo,
1689 984 2010 1056 novimus:
2058 999 2127 1053 et
2159 998 2382 1052 tamen
2410 982 2582 1071 quid.

610 1112 918 1204 impedit,
955 1131 1088 1200 quo
1118 1106 1332 1174 minus
1361 1124 1538 1170 nunc
1565 1124 1710 1167 eam
1735 1098 2015 1167 Platonis
2042 1097 2360 1166 rationem
2390 1093 2576 1184 sequi

609 1226 873 1297 voluisse
920 1222 1244 1297 dieamus,
1291 1237 1459 1306 quae
1503 1212 1722 1281 statim
1767 1210 2204 1300 colloquentes
2253 1228 2575 1299 propone-

609 1340 726 1406 bat
745 1388 763 1418 ‚
828 1349 906 1404 ut
951 1335 1021 1401 in
1076 1330 1379 1421 LegibuS,
1445 1340 1511 1393 et
1558 1325 1630 1391 in
1678 1323 1814 1391 aliis
1862 1322 2084 1390 multis
2134 1319 2433 1410 dialogis;
2499 1318 2575 1384 id

607 1450 791 1540 quod
849 1447 920 1514 in
968 1445 1079 1512 illo
1144 1439 1525 1533 phssosopho
1592 1435 1905 1504 excusavit
1968 1431 2421 1502 Stallbaumius
2483 1430 2574 1499 ad

609 1565 859 1629 Menon.
911 1557 1055 1625 init.
1149 1555 1278 1622 Sed
1321 1550 1531 1621 omnis
1582 1550 1740 1616 haec
1782 1545 2205 1614 controversia
2250 1542 2448 1613 otiosa
2478 1555 2579 1609 ent

611 1674 681 1740 in
731 1671 937 1752 libris,
983 1691 1144 1760 quos
1186 1689 1321 1734 non
1354 1663 1440 1731 ad
1474 1661 1829 1730 editionem
1861 1658 2184 1727 absolutos
2213 1656 2404 1724 fuisse
2429 1653 2579 1722 satis

611 1798 885 1854 constat.

704 1899 784 1961 In
811 1892 1067 1981 dialogo
1091 1885 1538 1971 distribuendo
1557 1905 1701 1950 eam
1732 1881 1945 1949 tenuit
1966 1881 2314 1959 rationem,
2345 1899 2421 1944 ex
2444 1899 2578 1967 qua

460 1994 465 2001 ⁴
530 2097 544 2112 ο
614 2005 1008 2098 principatus
1033 2013 1193 2068 esset
1218 2019 1414 2087 penoe
1440 1994 1682 2085 ipsum,
1707 1993 1912 2084 (quod
1933 1992 2143 2082 ipsum
2164 2012 2425 2081 quoque
2436 1988 2577 2056 Ari·

614 2117 941 2189 atotelium
972 2135 1100 2180 ense
1131 2106 1562 2177 demonstravi
1599 2106 1810 2174 Schol.
1839 2109 2163 2196 Hypomn.
2198 2106 2279 2170 11.
2322 2106 2471 2191 Cap.
2508 2107 2537 2166 1
2555 2150 2574 2179 ‚

615 2228 1057 2314 dissentiente,
1082 2221 1263 2312 quod
1290 2233 1437 2310 post
1461 2217 1623 2297 vidi,
1655 2216 1953 2283 nonnihil
1968 2215 2278 2305 Madvigio
2306 2213 2577 2282 Praefat.

615 2340 702 2428 ad
729 2339 856 2406 Cic.
884 2337 1021 2403 Fin.
1055 2356 1123 2423 p.
1141 2331 1293 2421 LX.)
1330 2344 1398 2398 et
1425 2344 1502 2397 ut
1533 2329 1669 2419 ipse
1690 2350 1844 2395 eum
1870 2327 2236 2417 aequalibus
2258 2325 2580 2414 colloquee

617 2467 819 2522 retur.
910 2448 1038 2515 Sed
1067 2459 1144 2514 ut
1171 2445 1263 2511 ita
1288 2444 1530 2510 faceret
1559 2437 1780 2508 deberi
1810 2438 2296 2530 quodammodo
2327 2437 2583 2503 videtur

619 2558 1066 2632 deliberationi
1101 2556 1362 2625 cuidam
1390 2555 1475 2621 de
1499 2551 1956 2642 componendo
1980 2551 2235 2641 dialogo
2260 2550 2346 2616 de
2371 2554 2586 2637 Repu-

620 2675 787 2744 blica
807 2725 824 2755 ‚
872 2673 957 2739 de
987 2693 1115 2760 qua
1148 2678 1368 2734 narrat
1400 2663 1486 2731 ad
1522 2666 1600 2746 Q.
1636 2663 1788 2730 frat.
1824 2662 2105 2728 scribens
2137 2663 2267 2741 111,
2302 2665 2374 2739 6,
2415 2665 2481 2738 1.,
2516 2673 2584 2725 et

626 2801 884 2857 tantum
914 2806 1048 2852 non
1077 2780 1426 2871 profitetur
1453 2776 1543 2843 ita
1575 2798 1639 2842 se
1667 2797 1965 2865 personas
1995 2787 2250 2841 mutare
2280 2772 2439 2840 velle
2458 2823 2475 2851 ,
2509 2785 2586 2839 ut

615 2899 759 2992 ipse
788 2898 1094 2988 loquatur
1120 2916 1275 2961 eum
1304 2891 1504 2960 fratre
1523 2939 1540 2969 ,
1586 2908 1722 2977 quo
1751 2885 2060 2955 maiorem
2091 2885 2443 2974 disputatio
2473 2908 2587 2953 au-

621 3011 995 3081 ctoritatem
1039 3006 1326 3073 baberet.
1416 3001 1769 3091 Scripserat
1799 2999 2029 3067 eodem
2056 3001 2247 3066 Anno
2281 2997 2467 3088 (700)
2502 2996 2588 3064 ad

620 3147 776 3192 eum
811 3120 1062 3187 Atticus
1091 3118 1175 3184 de
1209 3119 1526 3186 Varrone:
1560 3112 1668 3180 eui
1699 3112 1786 3178 sic
1821 3113 2170 3202 respondet
2192 3111 2280 3177 ad
2313 3113 2447 3176 Att.
2474 3112 2585 3188 IV,

633 3240 747 3316 16,
786 3237 855 3298 2:
906 3232 1174 3309 γαν-νο,
1222 3228 1300 3292 de
1341 3251 1470 3315 quo
1503 3226 1596 3292 ad
1632 3250 1737 3292 me
1773 3227 2051 3305 scribis,
2099 3224 2483 3291 includetur
2512 3226 2589 3288 in

523 3331 530 3340 ⁹
625 3349 926 3433 aliquem
961 3345 1209 3421 locum,
1255 3344 1323 3405 ei
1356 3340 1544 3405 modo
1574 3343 1708 3403 erit
1750 3340 1968 3404 hcm.-
2016 3351 2160 3404 tum
2194 3349 2450 3404 excusat
2479 3356 2588 3426 ge·

628 3483 753 3528 nus
775 3457 1178 3546 dialogorum
1208 3474 1468 3520 suorum
1484 3500 1500 3531 ,
1533 3463 1601 3517 et
1628 3463 1707 3517 ut
1734 3450 1802 3516 in
1820 3447 2123 3517 Oratoriis
2147 3449 2398 3515 factum
2422 3460 2560 3515 erat
2573 3495 2590 3525 ‚

626 3571 718 3639 sic
768 3568 839 3637 in
886 3564 1326 3656 disputatione
1357 3562 1443 3628 de
1475 3559 1826 3650 Republica
1858 3580 2218 3627 sermonem
2251 3556 2446 3624 tribui
2483 3577 2592 3623 ve—

624 3681 877 3750 teribus
926 3677 1078 3746 illis:
1139 3676 1252 3744 sed
1300 3673 1583 3765 cogitare
1636 3694 1704 3739 se
1760 3671 2077 3761 appellare
2127 3674 2475 3740 Varronem
2524 3667 2595 3734 in

631 3795 847 3884 aliquo
861 3791 1118 3860 illorum
1134 3788 1446 3854 librorum
1466 3782 1812 3874 prooemio.
1841 3782 2099 3849 Nullum
2119 3795 2336 3849 tamen
2352 3780 2594 3848 exitum

632 3907 753 3973 ista
797 3900 1175 3970 deliberatio
1215 3897 1482 3966 habuit.
1530 3895 1646 3963 sed
1679 3908 1866 3963 tanto
1899 3893 2203 3961 libentius
2234 3892 2394 3960 mihi
2425 3892 2595 3959 vide·

634 4031 747 4084 tur
785 4014 1032 4092 Cicero,
1080 4010 1266 4078 editis
1303 4010 1371 4075 A.
1410 4014 1543 4076 700
1577 4007 1698 4074 illis
1737 4029 1840 4074 sex
1873 4006 1959 4073 de
2000 4006 2353 4095 Republica
2386 4004 2594 4081 libris,

640 4127 784 4196 novi
818 4123 1051 4213 dialogi
1087 4125 1179 4189 De
1205 4121 1473 4212 Legibus
1498 4143 1703 4211 genus
1737 4120 1854 4188 boc
1882 4117 2224 4207 elegisse,
2206 4141 2436 4205 inquo
2468 4117 2599 4204 ipse
