3131 5032
1632 495 1767 567 100

739 706 944 782 ribus
987 722 1275 809 praesto
1315 731 1466 785 esse
1508 707 1806 799 debere,
1858 709 2156 803 Iovique
2216 710 2496 805 optimo
2546 730 2696 781 ma-

738 831 934 899 ximo
979 852 1056 899 se
1099 826 1583 900 consiliarium
1619 841 1841 924 atque
1875 824 2375 900 administrum
2413 825 2694 917 datum,

739 959 822 1016 ut
847 946 985 1018 sibi
1012 969 1137 1017 eos
1161 971 1348 1043 quos
1379 949 1456 1016 in
1484 947 1804 1045 auspicio
1831 969 1986 1018 esse
2017 948 2330 1036 iusserit,
2365 943 2697 1041 coelique

738 1077 979 1162 partes
1010 1062 1146 1136 sibi
1181 1063 1512 1138 definitas
1548 1089 1704 1136 esse
1737 1064 2067 1153 traditas,
2099 1088 2141 1136 e
2176 1062 2444 1160 quibus
2479 1088 2694 1164 saepe

737 1208 956 1282 opem
990 1187 1095 1256 rei
1132 1183 1464 1282 publicae
1501 1183 1691 1257 ferre
1727 1187 1977 1283 possit.

833 1303 1112 1376 Deinde
1162 1303 1254 1376 de
1312 1303 1918 1403 promulgatione,
1974 1301 2067 1374 de
2121 1300 2420 1398 singulis
2473 1286 2717 1375 rebus'

735 1421 1063 1521 agendi8‚
1100 1422 1192 1496 de
1228 1425 1520 1521 privatis
1551 1421 2175 1521 magistratibusve
2208 1419 2608 1495 audiendis.

576 1544 665 1596 ⁴⁴·
831 1547 1015 1616 Tum
1040 1542 1232 1641 leges
1259 1541 1859 1642 praeclarissimae
1890 1539 1982 1614 de
2009 1539 2395 1613 duodecim
2426 1540 2693 1614 tabulis

735 1661 1116 1735 translatae
1153 1660 1360 1734 duae.
1457 1664 1786 1751 Quarum
1815 1653 2036 1733 alter'a
2068 1659 2437 1759 privilegia
2468 1659 2689 1749 tollit,

733 1781 957 1854 altera
1004 1779 1097 1853 de
1143 1784 1374 1880 capite
1420 1784 1597 1852 civis
1638 1783 1910 1877 rogari,
1947 1782 2086 1851 nisi
2117 1783 2431 1850 maximo
2465 1783 2692 1852 comi-

734 1904 948 1991 tiatu,
988 1913 1210 1972 vetat:
1251 1915 1326 1971 et
1362 1897 1690 1971 nondum
1724 1902 1892 1970 intis
1916 1905 1938 1944 ¹
1985 1897 2340 1970 seditiosis
2377 1895 2690 1971 tribunis

730 2017 966 2119 plebis
1026 2021 1334 2116 negotiis
1366 2031 1396 2071 ²
1456 2016 1784 2115 quidem,
1841 2016 2345 2090 admirandum
2403 2029 2691 2089 tantum

729 2140 1038 2209 maiores
1086 2139 1162 2207 in
1221 2150 1591 2236 posterum
1645 2135 2060 2235 providisse.
2167 2140 2251 2207 In
2306 2139 2626 2236 privatos
2659 2141 2687 2183 ³
2804 2178 2815 2187 ·

728 2254 1064 2329 homines
1100 2255 1295 2354 leges
1332 2253 1508 2328 ferri
1535 2255 1963 2328 noluerunt:
1996 2254 2071 2326 id
2102 2267 2213 2327 est
2247 2258 2441 2327 enim
2471 2258 2689 2354 privi-

725 2373 1031 2473 legium,
1074 2399 1225 2472 quo
1262 2374 1440 2472 quid
1474 2388 1585 2447 est
1621 2374 2005 2447 iniustius?
2037 2398 2269 2471 quum
2300 2374 2478 2472 legis
2506 2373 2687 2449 haec

724 2495 831 2566 vis
878 2497 970 2566 sit
1021 2496 1281 2567 scitum
1333 2507 1441 2568 est
1487 2496 1763 2566 iussum
1789 2506 1817 2547 ⁴
1866 2496 1941 2566 in
1979 2519 2254 2566 omnes.
2354 2497 2552 2568 Ferri
2591 2493 2685 2569 de

725 2613 1024 2711 singulis
1055 2617 1194 2685 nisi
1232 2616 1649 2688 centuriatis
1685 2616 1994 2687 comitiis
2027 2614 2443 2688 noluerunt.
2543 2620 2684 2689 De-

722 2736 1035 2832 scriptus
1073 2737 1269 2806 enim
1316 2734 1631 2834 populus
1672 2757 1926 2825 censu,
1973 2733 2385 2825 ordinibus,
2434 2738 2684 2808 aetati-

726 2850 866 2926 bus
917 2853 1080 2954 plus
1137 2852 1433 2927 adhibet
1474 2853 1568 2927 ad
1617 2851 2040 2951 suffragium
2082 2853 2398 2943 consilii,
2455 2878 2680 2952 quam

568 2976 657 3029 15.
725 2968 886 3043 fuse
933 2975 1011 3043 in
1053 2970 1289 3045 tribus
1330 2987 1787 3047 convocatus.
1884 2975 2053 3063 Quo
2090 2976 2329 3066 verius
2361 2975 2438 3044 in
2472 2997 2685 3050 causa

727 3105 975 3164 nostra
1016 3095 1128 3163 vir
1172 3096 1416 3190 magni
1454 3095 1786 3192 ingeniis
1826 3116 2254 3189 summaque
2295 3091 2684 3192 prudentia

725 3214 806 3283 L.
863 3213 1073 3284 Cotta
1132 3210 1451 3301 dicebat,
1503 3211 1687 3284 nihil
1741 3215 2044 3283 omnino
2092 3224 2335 3285 actum
2387 3237 2543 3285 esse
2590 3211 2684 3287 de

726 3328 973 3401 nobis:
1040 3344 1328 3429 praeter
1387 3334 1585 3406 enim
1643 3356 1864 3429 quam
1924 3330 2129 3430 quod
2185 3335 2442 3406 amicia
2478 3345 2507 3386 ⁰
2566 3332 2686 3408 illa

728 3461 968 3521 essent
1019 3453 1236 3523 armis
1292 3464 1489 3549 gesta
1547 3449 1953 3543 servilibus»,
2018 3465 2387 3551 praeterea
2441 3475 2685 3550 neque

728 3567 1003 3643 tributa
1030 3573 1283 3669 oepitis
1311 3576 1602 3645 comitia
1634 3587 1786 3646 rata
1818 3597 1970 3645 esse
1996 3596 2241 3671 posse,
2273 3597 2511 3670 neque
2537 3572 2684 3647 ulla

724 3688 1111 3789 privilegii:
1161 3695 1505 3788 quocirca
1559 3691 1740 3764 nihil
1794 3689 2006 3764 nobis
2055 3716 2242 3792 opus
2285 3717 2438 3765 esse
2487 3692 2680 3790 lege,

723 3807 818 3882 de
843 3808 1113 3907 quibus
1137 3810 1320 3883 nihil
1348 3814 1652 3885 omnino
1674 3825 1918 3885 actum
1944 3824 2130 3885 esset
2155 3810 2459 3910 legibus.
2538 3811 2677 3888 Sed

785 4123 804 4158 ¹
842 4122 993 4173 natis.
1063 4123 1087 4160 ⁸
1123 4138 1191 4174 ne
1225 4121 1480 4190 cogitatis.
1553 4122 1579 4160 ³
1614 4121 1805 4190 privos.
1875 4122 1899 4162 δ
1935 4123 2034 4186 sit,
2071 4132 2128 4173 ut
2164 4123 2230 4174 sit
2265 4122 2452 4175 scitum
2483 4130 2539 4175 et
2570 4122 2693 4176 iut-

708 4221 844 4258 tum.
916 4207 942 4243 ὅ
975 4222 1166 4273 magno
1201 4206 1435 4273 ingenio.
1506 4207 1532 4244 ⁸
1567 4204 1794 4256 comitia.
