3131 5032
482 3007 489 3014 ‚
561 2947 655 3010 80.

1649 444 1749 522 7²1

719 664 987 762 pulcris
1030 675 1276 736 autem
1319 660 1496 734 dicit
1537 660 1738 734 haec.
1847 662 2058 733 Vetat
2101 683 2194 732 ex
2233 684 2407 760 agro
2444 661 2680 754 culto,

716 805 896 854 eove
922 782 1052 879 qui
1086 780 1225 854 coli
1250 784 1503 881 possit,
1540 779 1761 854 ullam
1792 794 2073 880 partem
2102 784 2291 853 sumi
2317 780 2685 881 sepulcr03

717 901 846 975 sed
883 925 1072 1001 quae
1115 915 1373 974 natura
1415 903 1570 1000 agri
1617 915 1898 974 tantum
1947 899 2170 972 modo
2208 898 2497 975 efficere
2523 928 2687 1003 pos-

710 1024 846 1111 sit,
881 1035 966 1093 ut
999 1034 1454 1093 mortuorum
1491 1044 1798 1121 corpora
1834 1023 1989 1092 sine
2026 1018 2469 1094 detrimento
2504 1027 2688 1096 vivo-

717 1165 883 1213 rum
919 1141 1250 1239 recipiat,
1281 1164 1366 1212 ea
1394 1141 1848 1239 potissimum
1881 1152 1966 1210 ut
1987 1136 2467 1237 compleatur:
2494 1166 2685 1238 quae

714 1273 962 1333 autem
1034 1273 1226 1333 terra
1287 1258 1535 1359 fruges
1592 1255 1783 1331 ferre
1841 1272 1945 1350 et,
2003 1272 2089 1331 ut
2145 1254 2415 1347 mater,
2478 1261 2685 1334 cibos

719 1378 1187 1480 suppeditare
1228 1383 1486 1479 possit,
1539 1398 1699 1451 fflm
1755 1402 1849 1450 ne
1907 1380 2073 1475 quis
2112 1376 2326 1450 nobis
2364 1382 2681 1473 minuat,

719 1525 904 1575 neve
937 1505 1173 1591 vivus,
1221 1522 1404 1572 neve
1440 1512 1796 1571 mortuus.
1893 1501 2184 1572 Exstrui
2213 1511 2458 1571 autem
2489 1514 2687 1574 vetat

719 1620 1135 1720 sepulcrum
1180 1618 1432 1710 altiuS,
1484 1641 1708 1716 quam
1755 1615 1959 1714 quod
1994 1620 2327 1715 'quinque
2375 1617 2632 1692 diebus
2653 1633 2678 1675 ⁸

718 1740 1195 1831 absolverint,
1255 1761 1395 1811 nec
1448 1760 1492 1812 e
1543 1734 1781 1837 lapide
1846 1739 2140 1809 excitari
2196 1741 2398 1838 prius
2429 1749 2495 1831 ²,
2556 1763 2689 1814 nec

715 1865 1041 1960 imponi,
1085 1884 1309 1958 quam
1351 1855 1552 1956 quod
1599 1858 1834 1956 capiat
1869 1855 2156 1929 laudem
2196 1862 2464 1929 mortui
2501 1862 2683 1932 inci-

721 2003 871 2052 sam
919 2003 1014 2051 ne
1061 1979 1226 2080 plus
1271 1989 1590 2076 quatuor
1626 1975 1867 2047 herois
1904 1974 2267 2069 ‚vex-sibus,
2306 2002 2495 2076 quos
2530 1978 2681 2050 lon·

709 2125 843 2199 gos
878 2098 1188 2199 appellat
1225 2100 1521 2169 Ennius.
1603 2093 1966 2167 Habemus
1999 2099 2218 2193 igitur
2254 2096 2475 2171 huius
2513 2123 2686 2197 quo-

713 2244 863 2320 que
897 2221 1400 2293 auctoritatem
1438 2216 1531 2289 de
1561 2215 1909 2315 sepulcris
1944 2218 2209 2287 summi
2238 2220 2405 2289 viri:
2453 2243 2497 2290 a
2527 2243 2682 2315 quo

716 2344 984 2414 iterum
1005 2353 1033 2394 ⁸
1071 2336 1416 2411 funerum
1447 2348 1731 2407 sumtus
1761 2332 2190 2434 praefinitur
2222 2359 2312 2408 ex
2342 2338 2682 2411 censibus

716 2485 759 2534 a
812 2463 1029 2536 minis
1085 2461 1415 2557 quinque
1469 2476 1706 2553 usque
1756 2453 1849 2527 ad
1897 2457 2191 2528 minam.
2320 2460 2679 2558 Deinceps

713 2578 893 2653 dicit
950 2578 1202 2654 eadem
1248 2576 1368 2649 illa
1408 2574 1504 2648 de
1555 2572 2096 2648 immortalitate
2138 2580 2551 2649 animorum
2603 2591 2679 2651 et

712 2698 991 2797 reliqua
1055 2711 1224 2798 post
1295 2707 1608 2768 mortem
1681 2693 2203 2791 tranquillitate
2275 2695 2680 2788 bonorum,

704 2822 964 2920 poenis
1002 2821 1418 2917 impiorum.

808 2939 1099 3012 Habetis
1131 2939 1356 3033 igitur
1385 2931 1824 3033 explicatum
1854 2957 2181 3026 omnem,
2213 2949 2300 3008 ut
2328 2936 2676 3028 arbitror,

709 3060 1074 3159 religionis
1108 3063 1136 3104 ⁴
1189 3055 1454 3127 locum.
1553 3054 1642 3145 Q.
1689 3056 1839 3125 Nos
1884 3076 2090 3144 vero,
2135 3050 2390 3146 frater,
2438 3071 2515 3128 et
2556 3080 2678 3128 co-

709 3184 912 3280 piose
955 3174 1275 3274 quidem.
1374 3172 1513 3245 Sed
1556 3195 1780 3272 perge
1827 3171 1917 3244 ad
1944 3183 1973 3222 ⁶
2011 3188 2268 3248 cetera.
2368 3179 2468 3248 M.
2504 3182 2673 3249 Per·

709 3323 872 3398 gam
915 3293 1286 3393 equidem:
1334 3306 1407 3365 et
1449 3295 1800 3391 quoniam
1841 3290 2129 3366 libitum
2172 3308 2281 3367 est
2310 3295 2521 3369 vobis
2557 3321 2679 3371 me

709 3417 801 3490 ad
868 3414 1050 3487 haec
1122 3409 1493 3511 impellere
1514 3461 1538 3501 ,
1618 3410 1979 3484 hodierno
2055 3437 2390 3488 sermone
2455 3417 2678 3490 confi·

712 3541 923 3627 ciam,
982 3557 1227 3634 spero;
1278 3531 1424 3606 hoc
1478 3536 1902 3631 praesertim
1957 3533 2096 3607 die.
2209 3535 2441 3609 Video
2479 3542 2673 3611 enim

711 3657 1081 3731 Platonem
1162 3652 1359 3725 idem
1427 3650 1680 3724 fecisse
1755 3676 2196 3750 omnemque
2269 3662 2673 3731 orationem

712 3781 865 3851 eius
909 3775 1001 3849 de
1051 3772 1336 3871 legibus
1370 3786 1778 3872 peroratam
1827 3796 1980 3847 esse
2023 3798 2176 3846 uno
2219 3780 2492 3851 aestivo
2530 3776 2670 3851 die.

773 4075 790 4110 ¹
827 4071 1062 4138 quinque
1093 4066 1338 4122 homines
1376 4067 1616 4139 quinque
1654 4065 1859 4122 diebus.
1941 4069 1965 4106 ²
2000 4065 2140 4138 plus.
2214 4070 2238 4108 ³
2272 4069 2417 4122 item.
2490 4071 2513 4109 ἱ
2546 4067 2682 4122 roli-

699 4158 932 4226 gionum.
1008 4157 1034 4192 ⁸
1066 4169 1168 4204 om-
1205 4152 1288 4204 ad.
