3131 5032
1075 444 1217 509 Lm.
1266 442 1366 526 ΙΙ,
1414 443 1534 527 22,
1581 446 1688 510 55.
2227 446 2351 510 557

409 674 485 715 an
532 654 808 714 Latinum
857 652 932 711 sit
947 698 966 728 ,
1013 653 1236 731 pietati
1287 671 1407 709 esse
1454 650 1801 709 adiunctum
1830 668 1940 728 pro
1957 693 1976 724 ,
2016 649 2360 727 impositum

408 756 701 819 officium:
744 776 885 815 nam
919 756 1257 836 finitimum
1305 754 1642 834 explicare,
1682 755 1760 812 ab
1801 754 1915 812 hac
1960 752 2361 832 disputatione

409 863 677 922 alienum
718 868 824 921 est.

1132 1061 1405 1131 CAPUT
1446 1060 1648 1128 XXII.

490 1271 534 1354 §
574 1274 671 1333 55.
751 1284 818 1332 ut
852 1283 1017 1331 extra
1052 1291 1220 1331 sacra
1251 1281 1306 1329 et
1331 1281 1564 1350 gentem
1597 1269 1819 1350 inferri
1848 1270 1951 1344 fas
1977 1280 2190 1349 negent
2222 1265 2369 1347 esse)

413 1376 698 1454 Imperita
734 1381 822 1434 est
868 1374 1096 1433 Pearcii
1139 1372 1430 1432 correctio
1447 1418 1463 1447 ,
1507 1384 1735 1430 extera.-
1778 1373 1970 1431 oritur
1998 1372 2163 1431 enim
2190 1369 2334 1430 inde
2351 1414 2372 1446 ,

413 1487 486 1539 ut
536 1498 707 1538 sacra
754 1485 816 1537 et
852 1497 1000 1558 gem
1043 1478 1421 1557 inser-amum
1462 1474 1626 1553 quod
1662 1475 1841 1553 plane
1881 1474 2225 1534 inauditum
2266 1480 2373 1533 est.

418 1582 565 1643 Satis
597 1590 795 1641 tamen
831 1580 1044 1640 tritum
1078 1588 1237 1654 erat,
1280 1580 1501 1660 inferri
1541 1577 1811 1637 absolute
1843 1577 2018 1654 poni,
2058 1575 2377 1636 subaudito

417 1696 708 1745 mortuum
726 1709 746 1742 .-
790 1692 918 1743 tum
968 1702 1089 1742 non
1132 1693 1328 1741 extera
1347 1727 1365 1756 ,
1406 1680 1511 1740 sed
1545 1681 1745 1739 aliena
1778 1679 2102 1740 diceretur.
2183 1679 2379 1757 Igitur

420 1799 583 1846 extra
628 1807 800 1846 sacro
831 1788 1052 1866 inferri
1095 1804 1221 1845 non
1257 1782 1501 1843 difficile
1535 1791 1625 1842 est
1660 1783 1738 1842 ad
1770 1782 2232 1861 explicandum:
2272 1780 2380 1841 sed

418 1903 584 1952 extra
611 1901 844 1971 gentem
877 1889 1093 1948 iustam
1121 1887 1674 1967 interpretationem
1699 1905 1825 1946 non
1856 1886 2064 1962 habet,
2092 1884 2379 1964 quoniam

419 2013 489 2054 ea
522 2012 616 2053 τω
648 1992 805 2052 nihil
829 1991 909 2052 ad
941 1993 1284 2073 religionem
1318 1991 1713 2071 sepulcrorum
1740 1990 2032 2068 pertinet,
2072 2008 2230 2067 quae
2254 2006 2382 2048 non

420 2097 537 2156 nisi
572 2096 952 2157 caerimoniis
984 2103 1044 2155 et
1081 2095 1259 2155 sacris
1291 2094 1540 2169 nititur,
1581 2094 1737 2152 sicut
1769 2112 1844 2152 ex
1877 2099 1999 2153 toto
2028 2092 2148 2152 hoc
2180 2091 2382 2171 capite

421 2199 800 2278 intelligitur.
882 2198 1201 2277 Perperam
1250 2198 1439 2276 igitur
1478 2196 1748 2256 Davisius
1781 2195 1905 2256 huc
1933 2196 2194 2257 contulit
2223 2214 2382 2275 quae

423 2301 502 2361 de
539 2302 738 2361 alieno
770 2321 894 2360 non
928 2300 1247 2359 inserendo
1291 2301 1651 2375 traduntur,
1692 2319 1849 2378 quae
1883 2308 2024 2359 sunt
2057 2300 2206 2359 iuris
2239 2300 2386 2360 civi·

422 2402 499 2462 lis
515 2447 534 2477 ,
576 2410 636 2461 et
669 2401 744 2462 ad
785 2403 878 2460 ius
911 2402 1326 2479 sepulcrorum
1342 2446 1360 2475 ‚
1401 2421 1526 2460 non
1553 2400 1632 2460 ad
1661 2402 2020 2479 religionem
2050 2402 2384 2480 pertinent,

425 2504 584 2566 conf.
616 2503 755 2585 Cap.
793 2503 871 2563 23
889 2549 907 2579 ,
953 2502 1050 2564 58.
1093 2502 1206 2579 26,
1246 2502 1353 2563 64:
1396 2511 1634 2578 contra,
1659 2502 1775 2563 hoc
1802 2510 1986 2584 caput
2018 2511 2211 2564 totum
2245 2524 2389 2565 ver-

424 2618 586 2669 satur
640 2609 701 2667 in
755 2608 892 2667 iure
957 2606 1264 2685 pontificio
1315 2615 1377 2665 et
1436 2606 1734 2684 religione
1753 2651 1771 2681 ,
1829 2605 2391 2686 demonstraturque

423 2711 668 2792 quando
723 2710 1070 2789 sepulcrum
1111 2711 1396 2791 religione
1432 2720 1698 2770 teneatur
1710 2756 1728 2784 ,
1769 2710 1811 2769 i.
1852 2730 1905 2770 e.
1943 2710 2167 2789 quibus
2202 2710 2390 2772 caeri-

424 2813 645 2875 moniis
690 2813 998 2892 persectis:
1054 2811 1211 2872 cons.
1266 2811 1309 2892 §
1357 2812 1454 2872 57.
1537 2810 1973 2888 Corrigendum
2014 2812 2279 2889 videtur,
2320 2825 2389 2873 ut

426 2928 592 2976 extra
641 2936 811 2974 sacra
858 2936 1204 2994 quemquam
1259 2915 1480 2995 inferri
1508 2915 1575 2994 s.
1609 2933 1672 2973 n.
1713 2935 1765 2976 e.
1844 2913 1919 2972 ld
1951 2913 2183 2992 ipsum,
2222 2914 2389 2994 quod

427 3019 741 3079 Pontifices
772 3017 859 3077 fas
892 3018 1192 3095 negabant
1233 3036 1389 3091 esse,
1433 3022 1773 3094 ἱεροσυλίαν
1806 3016 2051 3077 videtur
2085 3019 2390 3097 appellare

424 3122 628 3182 Isaeus
644 3120 841 3181 Ciron.
859 3119 1070 3179 hered.
1088 3117 1132 3200 §
1150 3118 1249 3178 39.
1298 3118 1582 3198 Sepulcra
1600 3119 1898 3197 gentilitia
1912 3119 2307 3200 (cons.Festus
2315 3120 2384 3183 V.

430 3223 672 3305 Cincio)
705 3224 860 3284 nihil
896 3222 973 3282 ad
1008 3230 1382 3302 praesentem
1421 3223 1853 3303 quaestionem.
1904 3207 1911 3210 ’

501 3329 680 3408 idque
744 3327 906 3408 apud
963 3327 1211 3385 maioma
1272 3337 1495 3385 nostros
1543 3325 1623 3386 A.
1681 3327 2007 3406 Torquatus
2071 3326 2392 3409 iudicavit)

425 3433 511 3493 De
546 3432 618 3492 A.
652 3432 947 3511 Torquato
992 3429 1148 3488 nihil
1195 3429 1446 3489 aliunde
1494 3437 1740 3491 constat.
1818 3429 1951 3489 Non
1982 3429 2390 3509 spernendum

428 3541 520 3594 est
554 3535 620 3590 id
652 3535 839 3612 quod,
883 3541 952 3593 ut
986 3533 1224 3611 Lagom.
1265 3532 1342 3592 10
1378 3532 1579 3593 habet.
1662 3532 1776 3592 Sed
1809 3532 2175 3613 Torquatus,
2215 3535 2391 3595 cuius

432 3653 740 3716 praenom.
791 3636 852 3693 in
899 3637 1050 3694 meis
1094 3654 1339 3714 quoque
1390 3636 1563 3695 libris
1611 3635 1740 3696 fere
1773 3636 2104 3713 omittitur,
2146 3637 2392 3699 videtur

433 3737 709 3798 Pontifex
736 3737 917 3797 fuisse
935 3783 951 3812 ,
981 3746 1043 3797 et
1075 3739 1157 3798 sic
1187 3739 1556 3818 respondisse
1587 3740 1655 3800 in
1685 3741 2089 3801 controversia
2119 3742 2183 3801 in
2211 3750 2393 3820 gente

433 3840 682 3920 Popilia.
761 3839 1004 3899 Diversa
1052 3839 1199 3901 hinc
1249 3851 1389 3901 sunt
1438 3842 1678 3904 decreta
1733 3844 2070 3922 gentilitia,
2109 3846 2292 3925 quale
2323 3846 2394 3904 in

433 3943 651 4005 manlia
681 3951 864 4022 gente
894 3952 1190 4004 memorat
1220 3944 1424 4005 Livius
1455 3945 1531 4005 vl
1549 3991 1569 4021 ,
1607 3945 1719 4013 20,
1769 3944 1863 4008 14.

516 4048 812 4108 {andelia-a
847 4045 965 4126 les)
1042 4047 1198 4109 llaec
1250 4057 1314 4108 et
1359 4049 1475 4109 alia
1521 4058 1785 4110 monstra
1815 4049 2145 4110 lectionum
2175 4049 2393 4110 cedere

434 4151 660 4213 debent
711 4150 1086 4213 felicissimae
1132 4151 1539 4213 emendationi
1576 4153 1903 4214 Ranconeti
1928 4198 1944 4227 ,
1985 4163 2105 4213 tam
2149 4152 2394 4214 denica-
