3131 5032
1338 423 1427 496 31

405 646 532 711 ista
575 636 875 736 quidem
919 660 1175 735 magna
1207 638 1627 712 diiudicatio
1660 656 1798 730 est,
1849 657 1927 713 ut
1965 667 2053 714 ex
2093 657 2165 714 te
2200 647 2356 742 ipso

401 782 610 859 saepe
633 761 973 856 cognovi:
998 757 1122 829 sed
1156 772 1348 831 certe
1382 764 1480 832 ita
1513 785 1627 832 res
1659 785 1735 833 se
1768 760 2039 835 habent
2067 778 2117 853 ¹,
2153 777 2236 834 ut
2270 787 2357 835 ex

401 894 658 951 natura
700 882 942 951 vivere
987 902 1352 949 summum
1402 878 1681 953 honum
1730 885 1861 972 sit,
1912 881 1981 953 id
2024 897 2162 973 est,
2212 886 2357 955 vita

399 998 682 1071 modica
732 1013 805 1070 et
855 1013 1020 1097 apta
1061 1002 1329 1071 virtute
1364 998 1671 1099 perfrui:
1720 1017 1845 1074 aut
1884 1017 2213 1075 naturam
2251 1027 2358 1075 se-

395 1124 563 1216 qui,
623 1132 698 1191 et
757 1123 913 1191 eius
973 1122 1178 1216 quasi
1241 1119 1399 1216 lege
1457 1123 1731 1211 vivere,
1794 1120 1868 1193 id
1934 1136 2072 1212 est,
2139 1120 2357 1211 nihil,

397 1254 756 1337 quantum
791 1243 864 1309 in
902 1243 1063 1338 ipso
1101 1242 1223 1328 sit,
1275 1245 1878 1339 praetermittere,
1929 1265 2082 1338 quo
2121 1245 2360 1313 minus

397 1383 510 1447 ea,
570 1383 760 1455 quae
811 1373 1066 1430 natura
1126 1357 1476 1456 postulet,
1542 1373 2064 1456 consequatur,
2130 1357 2356 1456 [quod

393 1484 585 1550 inter
639 1477 820 1550 haec
879 1477 1047 1549 velit
1112 1479 1375 1548 virtute
1433 1491 1802 1573 tamquam
1861 1477 2018 1575 lege
2068 1478 2352 1576 vivere]

395 1600 856 1698 Quapropter
903 1596 1048 1668 hoc
1097 1594 1476 1668 diiudicari
1523 1601 1770 1669 nescio
1823 1623 1915 1669 an
1969 1622 2346 1693 umquam,

394 1716 519 1789 sed
556 1716 696 1788 hoe
722 1740 1054 1788 sermone
1094 1729 1288 1789 certe
1322 1740 1469 1786 non
1509 1730 1783 1815 potest,
1816 1721 1877 1787 si
1904 1716 2197 1814 quidem
2239 1716 2345 1808 id,

389 1835 588 1935 quod
652 1840 1124 1935 suscepimus,
1192 1834 1588 1933 perfecturi
1645 1860 1915 1908 sumus.
2038 1841 2183 1907 Att.
2255 1841 2348 1910 At
2415 1843 2579 1966 5ΧῚΧΠ.

388 1979 523 2053 ego
583 1955 732 2027 huc
789 1953 1238 2026 declinabam
1294 1977 1431 2025 nec
1490 1957 1779 2026 invitus.
1902 1958 1990 2045 Q.
2066 1954 2347 2027 Licebit
2486 1948 2504 1968 ⁶

383 2075 574 2148 alias.
674 2078 889 2147 Nunc
930 2071 1007 2144 id
1046 2095 1367 2169 agamuS,
1415 2073 1618 2169 quod
1657 2079 2058 2174 coepimus;
2110 2100 2345 2172 quum

382 2198 808 2293 praesertim
857 2192 949 2265 ad
992 2191 1066 2264 id
1108 2191 1292 2262 nihil
1329 2196 1683 2291 pertineat
1719 2193 1899 2266 haec
1935 2194 2026 2267 de
2062 2219 2350 2267 summo

382 2315 569 2388 malo
646 2313 994 2410 bonoque
1060 2310 1432 2384 dissensio.
1567 2318 1665 2387 M.
1740 2313 2339 2403 prudentissime,

378 2435 684 2526 Quinte,
717 2433 920 2504 dicis.
986 2436 1166 2505 Nam
1200 2456 1389 2530 quae
1421 2457 1465 2504 a
1497 2458 1615 2505 me
1642 2434 1883 2507 adhuc
1914 2434 2105 2507 dicta
2136 2448 2338 2525 sunt,

379 2579 513 2627 nec
542 2558 856 2653 Lycurgi
885 2554 1106 2652 leges»,
1139 2578 1379 2650 neque
1406 2554 1715 2644 Solonis,
1743 2579 1984 2652 neque
2017 2555 2337 2627 Charon-

381 2673 543 2765 dae,
580 2698 819 2772 neque
857 2673 1171 2762 Zaleuci,
1212 2697 1349 2745 nec
1384 2687 1665 2746 nostras
1699 2673 2087 2747 duodecim
2125 2673 2334 2747 tabu-

383 2791 513 2883 las,
544 2818 676 2865 nec
704 2793 1076 2894 plebiscita
1099 2791 1468 2864 desidero:
1498 2792 1622 2865 sed
1651 2808 1724 2865 te
1747 2797 2075 2865 existimo
2100 2818 2333 2890 quum

377 2913 697 3012 populiS,
754 2928 914 2985 tum
967 2917 1179 2985 etiam
1232 2910 1530 3008 singulis
1590 2910 1946 2983 hodierno
1996 2936 2331 2984 sermone

373 3031 564 3129 leges
612 3032 897 3105 vivendi
949 3044 1020 3104 et
1068 3029 1520 3129 disciplinam
1574 3028 1937 3100 daturum.
2034 3033 2131 3099 M.
2204 3035 2330 3104 Est
2396 3050 2483 3102 58.

370 3150 584 3223 huius
637 3177 813 3224 vero
869 3150 1405 3251 disputationis,
1462 3150 1764 3238 Quinte,
1823 3152 2202 3248 proprium
2253 3149 2331 3223 id

367 3271 566 3369 quod
611 3286 1013 3372 exspectas,
1065 3284 1284 3369 atque
1322 3274 1603 3341 utinam
1634 3282 1823 3340 esset
1861 3273 2075 3341 etiam
2107 3266 2327 3342 facul-

368 3396 529 3464 tatis
564 3416 791 3464 meae.
887 3390 1025 3464 Sed
1084 3389 1413 3491 profecto
1471 3392 1570 3460 ita
1619 3412 1694 3459 se
1739 3411 1852 3460 res
1902 3386 2156 3478 habet,
2205 3404 2324 3481 ut,

364 3516 713 3607 quoniam
742 3515 1080 3583 vitiorum
1108 3508 1666 3582 emendatricem
1689 3507 1915 3604 legem
1942 3533 2094 3580 esse
2122 3534 2326 3609 opor-

366 3644 465 3702 tet
497 3631 1330 3727 commendatricemque
1365 3632 1746 3717 virtutum,
1796 3627 1889 3700 ab
1926 3653 2008 3701 ea
2039 3630 2325 3702 vivendi

362 3748 695 3822 doctrina
727 3750 1056 3822 ducatur.
1154 3756 1261 3823 Ita
1295 3747 1410 3838 fit,
1448 3763 1531 3821 ut
1568 3762 1797 3820 mater
1832 3752 2158 3820 omnium
2191 3748 2324 3820 bo-

363 3891 622 3942 narum
657 3895 900 3941 rerum
932 3874 1024 3941 sit
1052 3872 1428 3968 sapientia,
1458 3894 1498 3941 a
1528 3872 1735 3940 cuius
1763 3892 2012 3940 amore
2042 3871 2319 3941 Graeco

825 4047 1024 4055 ψ-..

421 4142 436 4175 ¹
476 4155 561 4190 ren
591 4137 662 4190 ita
693 4154 746 4188 se
778 4135 964 4188 habet.-
