3131 5032
1193 457 1333 525 Lm.
1381 458 1445 542 1,
1495 461 1575 543 7,
1624 460 1729 526 23.
2294 463 2421 531 337

476 687 547 729 ea
581 669 640 728 si
663 668 928 726 maxima
954 676 1075 741 est,
1109 665 1181 724 ‘in
1214 684 1338 744 quo
1371 665 1733 726 dissentiunt
1765 665 1926 725 inter
1959 684 2022 725 se
2050 647 2436 730 Gernhardus

475 779 540 832 et
589 770 870 843 Beierus,
910 769 1173 827 maxima
1219 768 1372 828 sitne
1421 768 1501 829 ad
1550 769 1920 845 societatem,
1961 785 2039 828 an
2085 768 2162 828 ad
2202 775 2435 852 sapien-

475 875 627 933 tiam
671 869 1090 947 referendum3
1151 878 1440 931 neutrum
1495 870 1679 932 credo
1712 870 1959 933 defendi
1992 891 2190 951 posse·
2174 921 2191 952 ‚
2234 895 2437 955 neque

478 975 646 1036 enim
697 975 960 1033 maxim
1008 973 1257 1033 societas
1299 971 1551 1050 cogitari
1586 978 1814 1050 potest,
1852 981 1914 1032 et
1947 973 2071 1051 ipsa
2102 978 2400 1056 sapientia
2417 1024 2437 1054 ‚

480 1098 639 1158 quae
655 1079 935 1159 princeps
967 1077 1253 1136 virtutum
1286 1077 1548 1134 omnium
1577 1074 1757 1135 modo
1783 1075 2231 1154 appellabatur,
2265 1079 2439 1141 istam

482 1182 883 1243 adiectionem
916 1179 1166 1258 respuit.
1246 1177 1364 1239 Sed
1395 1177 1833 1258 argumentatio
1853 1178 2023 1238 iubet
2053 1186 2124 1240 ut
2157 1182 2443 1243 excidere

480 1284 634 1365 quid
659 1283 1065 1363 suspicemur3
1107 1300 1221 1342 nec
1247 1280 1584 1361 quidquam
1614 1280 2089 1359 desiderabitur,
2125 1284 2176 1344 si
2202 1284 2443 1364 legetur

481 1408 552 1447 ea
584 1388 643 1448 εἰ
673 1389 930 1446 maxime
968 1395 1108 1465 apta
1141 1395 1386 1444 nomae
1418 1395 1539 1443 est.-
1580 1382 1660 1444 cs.
1694 1383 1833 1463 Cap.
1868 1383 1967 1447 45.
2004 1385 2139 1447 init.
2217 1385 2441 1468 Perpe—

484 1509 616 1550 ram
667 1489 855 1567 igitur
905 1487 1150 1547 Beierus
1184 1506 1325 1548 cum
1359 1487 1484 1546 istis
1516 1485 1755 1547 confert
1784 1487 1951 1547 hunc
1986 1488 2166 1568 Legg.
2199 1490 2405 1551 locum
2420 1539 2441 1568 ,

489 1591 775 1671 aliosque.
792 1589 1005 1651 —Sed
1032 1589 1199 1650 idem
1227 1588 1358 1650 fere
1387 1590 1473 1649 sic
1501 1589 1790 1649 enunciat
1815 1590 2183 1652 lamblichus
2207 1592 2447 1655 Stobaei

489 1694 620 1771 Ill,
662 1696 765 1755 55:
794 1693 881 1777 (T.
916 1694 966 1754 I.
985 1713 1045 1773 p.
1071 1693 1205 1754 101.
1242 1691 1447 1773 Gaias.)
1485 1699 1542 1752 sl
1585 1693 1649 1752 δέ
1692 1715 1784 1759 τις
1819 1692 1917 1763 ἔςὶ
1950 1700 2050 1754 καὶ
2080 1700 2225 1774 πρὸς
2258 1701 2445 1763 θεοὺς

490 1800 625 1874 ἡμῖν
665 1804 972 1865 κοινωνία,
1018 1800 1119 1856 διὰ
1156 1802 1369 1871 ταύτης
1407 1800 1638 1873 μάλιςα
1678 1803 1777 1869 τῆς
1819 1797 2025 1876 ἀρετῆς
2064 1796 2449 1882 (φρονήσεως)

486 1905 633 1975 αὕτη
669 1909 1004 1970 evulgatae.

563 2006 723 2064 inter
768 2024 913 2084 quos
956 2014 1154 2063 autam
1202 2004 1358 2063 ratio
1397 2036 1478 2047 —
1511 2014 1670 2063 recta
1707 2005 1863 2063 ratio
1894 2014 1953 2064 et
1984 2007 2308 2066 communis
2341 2005 2453 2088 est)

487 2107 643 2168 llaec
694 2116 783 2166 est
831 2107 1132 2166 librorum
1167 2113 1227 2166 et
1261 2106 1695 2186 plerorumque
1738 2115 1798 2166 et
1833 2107 2198 2186 optimorum
2233 2109 2413 2171 lectio
2429 2133 2447 2169 z

490 2211 673 2288 vulgo
727 2208 1025 2270 omittitur
1078 2219 1164 2268 et.-
1221 2216 1465 2285 contra,
1500 2208 1549 2268 l)
1581 2210 1802 2270 omittit
1840 2221 1925 2270 est
1941 2256 1960 2285 ,
2014 2219 2210 2291 recte3
2252 2213 2358 2273 sed
2392 2224 2451 2273 et

491 2312 852 2374 mutandum
907 2314 973 2372 in
1022 2324 1108 2372 est
1125 2358 1143 2387 ‚
1184 2321 1255 2373 ut
1304 2312 1405 2372 fiat
1457 2314 1614 2372 inter
1643 2314 1867 2373 eosdem
1898 2316 2078 2374 etiam
2107 2327 2265 2376 recta
2297 2318 2453 2377 ratio

490 2428 577 2476 est
613 2417 936 2476 communis
953 2461 972 2492 ‚
1008 2415 1187 2476 sicuti
1220 2435 1361 2476 mox
1388 2427 1526 2475 sune
1551 2418 1916 2490 communia,
1950 2424 2013 2477 et
2040 2417 2309 2497 Cap.10,
2340 2418 2449 2495 30,

490 2532 639 2581 ceree
688 2531 774 2580 est
821 2521 1182 2580 communis.-
1225 2539 1482 2598 eamque
1514 2519 1974 2580 collocationem
2008 2521 2240 2599 requiri
2270 2530 2420 2601 puto
2428 2569 2448 2600 ‚

486 2623 656 2703 quod
689 2623 1223 2702 argumentationis
1254 2621 1491 2701 pondus
1529 2622 1800 2682 cernitur
1833 2621 1900 2681 in
1936 2622 2052 2683 hoc
2084 2623 2449 2703 praedicam.

485 2726 673 2787 Plane
719 2727 983 2806 intelligi
1027 2747 1150 2788 non
1201 2734 1447 2806 possunt
1486 2726 1639 2787 haec
1673 2727 1800 2788 Fin.
1835 2726 1965 2803 111,
2006 2726 2083 2803 7,
2123 2726 2233 2787 23:
2274 2740 2449 2810 atque

488 2841 557 2889 nt
600 2831 852 2889 membra
889 2831 1060 2889 nobis
1107 2832 1196 2888 ita
1231 2829 1371 2888 data
1398 2841 1565 2905 sunt,
1607 2842 1676 2889 ue
1709 2830 1789 2889 ad
1818 2829 2133 2909 quamdam
2164 2834 2451 2893 rationem

490 2932 737 2992 vivendi
786 2932 925 2991 data
976 2953 1098 2992 esse
1153 2943 1472 3012 appareant
1496 2978 1511 3007 ,
1548 2934 1640 2992 sic
1674 2934 1957 3012 appetitio
1994 2934 2189 2992 anivm'
2220 2967 2300 2979 —
2331 2956 2453 2996 non

490 3035 574 3095 ad
603 3034 852 3114 quodvis
879 3055 1070 3115 genus
1105 3037 1296 3111 vitae,
1335 3035 1438 3094 sed
1469 3035 1549 3095 ad
1581 3036 1890 3115 quamdam
1907 3037 2176 3116 somam
2211 3039 2456 3099 vivendi

490 3138 728 3198 videtur
770 3137 940 3215 data,
998 3139 1250 3218 itemquo
1301 3149 1358 3197 et
1409 3140 1564 3198 ratio
1618 3149 1676 3198 et
1713 3140 1980 3220 perfecta
2029 3142 2203 3202 ratio.
2284 3141 2455 3203 Nihil

489 3241 801 3302 annotavit
832 3238 911 3300 ad
943 3239 1628 3320 postremamadvigius,
1669 3241 1786 3301 nisi
1808 3245 2135 3324 perfectam
2161 3248 2451 3308 racionem

488 3364 615 3405 esse
648 3352 711 3404 et
739 3344 1093 3424 sapientiam
1127 3352 1190 3403 et
1225 3344 1532 3406 virtutem.
1612 3344 1730 3404 Sed
1768 3344 1922 3424 quid
1956 3345 2111 3405 illud
2146 3357 2264 3425 est,
2305 3371 2451 3430 per-

489 3447 648 3508 fecta
669 3449 858 3523 ratio,
887 3447 930 3507 i.
950 3466 1005 3507 e.
1032 3447 1252 3523 virtus,
1284 3447 1456 3508 nobis
1481 3447 1621 3508 data
1643 3457 1728 3508 est
1753 3447 1830 3509 ad
1847 3448 2169 3527 quamdam
2192 3452 2446 3517 sormam

490 3549 780 3611 vivendi?
837 3549 978 3632 (hoc
1015 3549 1179 3608 euim
1220 3549 1482 3630 intelligi
1527 3550 1698 3611 iubet
1741 3553 2127 3629 grammatica
2159 3556 2451 3639 interpre-

490 3651 641 3713 tatio
656 3649 704 3731 ‚)
746 3648 1016 3729 autjad
1062 3660 1298 3712 certum
1349 3652 1698 3732 quoddam?
1756 3653 1862 3714 sed
1919 3654 1996 3715 ad
2026 3658 2179 3736 quid
2216 3660 2447 3739 igitur?

493 3753 759 3832 Apparet
810 3742 973 3815 enim
1020 3755 1136 3814 tria
1193 3754 1379 3831 haec,
1437 3757 1726 3832 membra,
1767 3759 1962 3817 animi
2000 3764 2451 3843 appetitionem,

492 3863 555 3915 et
605 3858 890 3915 rationem
948 3856 1015 3915 in
1077 3858 1291 3917 eadem
1358 3859 1812 3919 enumeratione
1874 3862 2172 3921 contineri
2236 3885 2451 3929 eorum

489 3978 652 4038 quae
700 3959 959 4037 appellat
995 3962 1179 4020 initia
1215 3973 1494 4022 naturae:
1533 3962 1600 4021 in
1635 3961 1730 4021 his
1760 3970 1964 4023 autem
1991 3966 2256 4045 perfecta
2296 3973 2451 4031 ratio

489 4061 663 4120 nullo
695 4061 876 4124 modo
905 4065 1135 4123 censeri
1162 4071 1371 4142 potest.
1454 4064 1627 4138 Quod
1656 4073 1859 4125 autem
1889 4065 2123 4128 duobus
2151 4069 2454 4148 prioribus

487 4163 766 4225 additum
816 4174 935 4244 est,
978 4166 1055 4225 ad
1103 4167 1252 4245 quid
1293 4175 1622 4247 utrumque
1662 4168 1872 4230 datum
1907 4178 2091 4247 esset,
2134 4172 2249 4233 hoc
2284 4173 2450 4237 deest

2110 4274 2188 4335 22
