3131 5032
2222 502 2374 547 xxix

370 752 377 757 ,
412 684 680 752 maiora
699 728 720 765 ,
764 699 940 771 quae
978 674 1276 750 altha-um
1318 706 1525 750 cauea
1550 685 1855 773 fortasse
1887 688 2338 774 cmnplectffle
2356 738 2375 768 ,

406 820 619 885 quam
662 800 821 884 ipsa
868 797 1039 876 illa,
1084 819 1368 883 quorum
1413 796 1570 862 haec
1597 821 1802 862 cauea
1828 812 2377 886 praepara-ntur,

409 909 571 978 baec
591 922 921 1000 postrema
948 907 1123 976 nulla
1150 908 1269 978 alia
1297 907 1631 1001 intelligit,
1652 908 1770 976 nisi
1785 909 1923 977 iura
1946 910 2170 978 civilia.
2218 910 2384 978 Satis

404 1021 614 1090 etiam
648 1019 984 1111 perspicue
1011 1019 1295 1089 ostendit
1325 1018 1631 1104 Quintus,
1662 1024 1721 1101 I,
1754 1026 1828 1102 6,
1869 1027 1983 1103 18,
2013 1020 2177 1087 nihil
2202 1018 2384 1089 aliud

402 1130 769 1224 exspectari
785 1181 804 1213 ,
851 1152 1051 1222 qnam
1096 1144 1176 1199 ut
1220 1130 1318 1199 ius
1349 1131 1533 1199 civile
1569 1133 1963 1215 traderetur3
2028 1133 2346 1222 additque
2362 1183 2385 1213 ,

414 1260 481 1312 ee
523 1248 650 1334 qui
697 1246 910 1310 aliter
940 1248 1054 1309 im
1097 1244 1295 1309 civile
1326 1243 1646 1325 tradunt,
1692 1268 1823 1310 non
1857 1258 1997 1310 tam
2032 1249 2381 1326 iustitiae,

417 1342 629 1446 ,νόω
664 1355 1002 1446 magands·
1033 1354 1318 1420 tradunt
1345 1359 1531 1422 viae.-
1562 1356 1736 1424 conf.
1764 1359 1853 1438 11,
1887 1363 2000 1438 18,
2034 1360 2149 1424 46:
2179 1355 2387 1423 maxi-

416 1491 658 1559 meque
706 1489 774 1536 se
815 1480 963 1533 arte
1004 1466 1273 1532 docendi
1316 1466 1556 1535 distare
1600 1468 1686 1535 ab
1734 1467 1807 1535 iis
1850 1469 2174 1560 significat
2190 1520 2208 1551 ,
2272 1469 2389 1559 qui

422 1582 621 1672 vulgo
664 1580 763 1647 ius
809 1579 1178 1661 traderent,
1229 1576 1386 1646 ibid.
1442 1583 1556 1659 19,
1611 1584 1730 1646 47:
1778 1595 1921 1648 tum
1957 1581 2115 1648 inde
2159 1604 2195 1648 a
2237 1584 2388 1671 Cap.

428 1696 521 1760 23
569 1690 730 1760 ibid.
780 1690 922 1760 iura
973 1688 1211 1771 civilia,
1258 1711 1427 1780 quae
1460 1705 1669 1758 essent
1697 1714 1850 1758 cum
1882 1691 2272 1781 pontificio
2253 1715 2392 1760 mre

425 1804 809 1885 coniuncta,
867 1802 1161 1893 explicat.
1269 1801 1515 1886 Quibus
1562 1802 1885 1892 probatis,
1943 1803 2146 1928 magis
2196 1803 2392 1871 etiam

425 1914 845 2001 Quinctiliani
894 1914 1102 1982 verbis
1136 1913 1575 1983 confirmatur
1623 1914 1729 1982 illa
1764 1914 2068 2005 suspicio,
2115 1920 2395 2003 coepisse

427 2042 689 2096 tantum
720 2026 998 2094 scribere
1029 2024 1395 2094 Ciceronem
1425 2026 1511 2094 de
1541 2025 1850 2117 LegibuS,
1887 2050 2009 2095 nec
2042 2027 2390 2098 absolvisse.

426 2142 510 2208 Et
557 2139 939 2208 inchoatum
987 2161 1148 2228 opus
1191 2159 1323 2227 quo
1372 2137 1588 2205 minus
1633 2139 1972 2228 perficeret
1990 2190 2008 2221 ,
2058 2154 2201 2208 tum
2236 2140 2398 2209 aliae
2464 2119 2475 2131 ⁰

426 2271 654 2319 causae
683 2271 815 2317 esse
842 2261 1201 2338 potuerunt
1218 2297 1236 2328 ,
1260 2248 1346 2314 de
1369 2248 1607 2338 quibus
1636 2272 1824 2339 supra
1849 2249 2015 2331 dixi,
2051 2263 2194 2318 tum
2220 2249 2397 2318 haud

430 2361 786 2430 absmdum
818 2374 914 2427 est
943 2358 1243 2449 suspicari
1278 2382 1354 2427 eo
1386 2360 1785 2428 retardatum
1831 2384 1960 2430 esse
1989 2361 2356 2429 Ciceronem
2373 2410 2394 2447 ,

429 2473 611 2566 quod
644 2485 792 2564 post
837 2469 1376 2540 animadverteret
1405 2486 1651 2561 quanta
1681 2494 1833 2541 curn
1866 2472 2059 2543 laude
2094 2473 2244 2541 huic
2278 2474 2396 2543 do-

428 2586 626 2657 cendi
660 2585 813 2654 iuris
843 2583 1040 2652 civilis
1072 2584 1196 2652 arti
1224 2584 1612 2653 satisfaceret
1647 2584 1893 2653 Servius
1924 2585 2239 2676 Sulpicius
2256 2638 2275 2668 ,
2312 2586 2398 2655 de

434 2721 570 2790 quo
616 2697 842 2765 iisdem
890 2696 1026 2763 fere
1070 2694 1276 2763 verbis
1325 2695 1718 2786 praedicavit
1760 2712 1976 2787 postea
1992 2750 2011 2780 ,
2057 2701 2238 2768 Brut.
2272 2704 2395 2780 41,

441 2814 609 2889 152,
653 2808 888 2898 quibus
915 2821 1139 2887 antea,
1179 2807 1464 2896 (Orat.1,
1504 2811 1622 2886 42,
1648 2806 1839 2895 190),
1872 2830 1937 2875 se
1972 2807 2149 2875 idem
2180 2808 2400 2877 factu-

433 2945 585 2992 rum
626 2944 753 2989 esse
785 2919 1200 2987 indicaverat.
1291 2917 1533 3009 Igitur,
1580 2918 1761 3007 quod
1791 2917 2080 2985 universe
2110 2919 2181 2987 in
2212 2919 2405 2988 Iuris-

435 3031 745 3101 oonsultis
768 3030 1188 3122 reprehendit
1217 3031 1435 3123 (Legg.
1458 3032 1551 3110 ΙΙ,
1586 3034 1702 3109 19,
1733 3028 1876 3117 47),
1906 3034 2403 3120 ignorationem

432 3143 706 3210 docendi
723 3194 741 3224 ,
787 3164 923 3211 non
959 3165 1145 3210 ausus
1185 3155 1282 3209 est
1331 3139 1673 3230 Sulpicicio
1706 3139 2011 3209 obiicere:
2058 3155 2127 3209 et
2144 3192 2162 3222 ,
2197 3164 2405 3232 quum

433 3255 681 3324 ibidem
708 3253 794 3322 de
820 3253 961 3322 iure
987 3251 1327 3342 pontificio
1354 3265 1420 3318 et
1447 3250 1534 3319 de
1559 3250 1723 3318 civili
1752 3251 2008 3342 egisset,
2047 3273 2179 3342 quo
2206 3254 2406 3322 modo

430 3367 711 3436 alterum
761 3388 916 3433 cum
958 3365 1161 3432 altero
1195 3362 1621 3433 coniunctum
1654 3377 1848 3444 esset,
1894 3376 2114 3453 postea
2143 3364 2406 3434 fortasse

430 3479 738 3572 cognovit
790 3493 965 3546 recte
1014 3475 1163 3544 talia
1208 3499 1244 3543 a
1291 3473 1504 3543 Servio
1540 3473 1746 3555 tradi,
1792 3498 1998 3565 quum
2034 3474 2170 3543 de
2150 3475 2225 3542 lis
2256 3475 2407 3567 ipsis

432 3592 625 3660 rebus
672 3615 711 3658 a
759 3613 826 3658 se
871 3610 1081 3679 nuper
1128 3587 1426 3655 auditum
1475 3609 1605 3654 esse
1656 3601 1874 3654 naroet
1904 3589 2172 3668 Brutus,
2220 3590 2402 3658 Brut.

436 3708 563 3786 42,
616 3707 772 3771 156.
860 3700 1069 3786 Quid,
1115 3699 1166 3766 si
1216 3697 1381 3767 ibid.
1430 3701 1527 3780 11,
1579 3703 1698 3779 23,
1757 3704 1871 3779 59,
1916 3720 2178 3789 quoque
2206 3700 2402 3768 Servii

429 3816 836 3885 mentionem
864 3811 1156 3881 omissam
1186 3833 1313 3879 esse
1339 3809 1653 3877 dicimus?
1684 3833 1879 3900 quem
1912 3811 2109 3879 libros
2133 3811 2405 3881 edidisse

429 3927 519 3995 de
533 3953 631 3995 ιη
644 3923 1068 3993 Tabularum
1049 3921 1587 4012 interpretatione
1602 3921 1908 3990 credibile
1925 3937 2020 3992 est
2036 3945 2111 3990 ex
2127 3926 2308 3993 Festo
2322 3928 2400 3995 V.

428 4041 680 4107 Pedem
711 4035 1336 4103 struit.etScireito.
1383 4037 1551 4103 Haec
1576 4034 1624 4101 si
1657 4034 2022 4124 probantur
2041 4087 2057 4116 ,
2086 4035 2399 4117 mutabit,

424 4172 648 4240 qia-o,
666 4145 1059 4216 sententiam
1078 4144 1438 4213 Ellendtius
1468 4145 1554 4213 ad
1573 4147 1749 4213 Orat.
1770 4148 1820 4214 Ι.
1843 4149 1927 4212 42
1946 4198 1963 4228 ,
1992 4153 2139 4215 190.
2157 4169 2222 4234 p.
2251 4152 2398 4214 109.
