3131 5032
1178 446 1323 516 Lm.
1368 447 1495 536 ιιι,
1539 453 1660 533 20,
1706 453 1810 516 48.
2347 454 2473 520 εει
2587 407 2593 414 ’

508 652 811 732 improbat
837 653 1147 732 Zumptius
1163 697 1184 730 ,
1221 654 1404 732 eique
1435 653 1759 714 verborum
1793 673 2039 734 quoque
2073 657 2308 719 obstare
2336 659 2472 720 col-

501 756 864 818 locationem
889 755 1040 816 dicit
1054 800 1073 831 ‚
1113 762 1176 817 et
1193 757 1430 836 publice
1457 776 1699 816 causam
1728 756 1920 816 diem
1947 758 2207 836 explieat
2241 784 2272 818 ι»
2291 779 2470 822 reum

502 876 681 919 »ene
727 859 796 919 in
842 877 1022 920 eausa
1066 858 1374 939 publiea.’'
1477 856 1849 918 Postremum
1899 858 2017 919 hoe
2064 878 2258 939 quum
2316 863 2473 924 mihi

501 959 814 1022 insolitum
866 960 1143 1021 videatur
1157 1006 1179 1037 ,
1236 960 1458 1021 vellem
1507 960 1802 1039 exemplis
1848 969 1912 1021 et
1956 961 2292 1024 rationibus
2326 984 2473 1043 pro-

500 1063 758 1124 havi-et
804 1063 903 1122 vir
950 1061 1509 1142 praestantissimus.
1603 1063 1788 1140 Nam,
1828 1064 1945 1123 nisi
1978 1063 2191 1141 fallor,
2226 1066 2472 1146 publiea

497 1163 701 1226 faeere
748 1164 902 1244 quid
952 1185 1077 1225 non
1129 1164 1245 1224 nisi
1289 1166 1339 1225 is
1381 1164 1641 1240 dieitur,
1681 1165 1792 1244 qui
1829 1166 1929 1226 vel
1960 1167 2026 1225 iu
2059 1167 2306 1245 publico
2338 1188 2469 1229 mu·

499 1286 649 1328 nere
683 1266 830 1328 fauit
862 1286 976 1346 pro
1006 1265 1141 1328 eius
1176 1265 1449 1327 muneris
1481 1265 1676 1326 offioio
1695 1311 1711 1340 ,
1754 1275 1858 1327 aut
1891 1267 2002 1347 qui
2031 1268 2280 1330 nomine
2312 1270 2471 1330 civi-

502 1369 639 1428 tatis
687 1369 863 1428 faeit:
921 1368 1316 1430 Charidemus
1366 1376 1572 1428 autem
1620 1388 1732 1447 pro
1777 1389 1841 1429 se
1881 1368 2073 1430 dixit:
2123 1379 2256 1432 tum
2273 1416 2293 1447 ‚
2346 1391 2471 1433 non

501 1470 798 1531 attinebat
846 1469 913 1529 in
959 1470 1075 1530 hae
1114 1470 1458 1531 narratione
1489 1473 1951 1532 commemorari
1984 1492 2058 1532 ex
2093 1493 2217 1551 quo
2249 1492 2474 1551 genere

500 1592 823 1634 unarum
874 1572 980 1633 illa
1033 1574 1190 1634 aetio
1236 1572 1445 1632 fuisset
1462 1617 1480 1648 ‚
1520 1569 1628 1632 sed
1664 1574 2104 1634 accusationem
2137 1574 2476 1637 institutam

505 1674 689 1736 fuine
739 1675 1022 1755 publice,
1064 1676 1107 1737 i.
1143 1696 1199 1737 e.
1235 1675 1483 1735 nomine
1531 1675 1868 1736 Samiorum
1922 1676 2200 1736 civitatis.
2235 1709 2316 1723 —
2356 1678 2478 1759 Qu·

507 1778 746 1859 quidem
778 1777 982 1838 media
1006 1784 1245 1837 tantum
1271 1777 1659 1836 distinetione
1684 1795 1719 1836 a
1746 1776 2156 1855 superioribus
2181 1780 2478 1857 separavi,

505 1878 676 1959 quod
729 1878 1156 1941 refutationem
1209 1887 1318 1939 aut
1366 1877 1895 1958 reprehensionem
1947 1880 2258 1957 sequeutia
2290 1882 2480 1941 eonti-

505 1990 676 2043 nent.
755 1982 908 2042 Tum
925 2027 943 2058 ,
985 1982 1201 2042 sustuli
1233 1980 1702 2042 Coniunctivum
1741 1983 1867 2040 sine
1880 2026 1900 2057 ,
1941 1982 2297 2042 auetoritate
2327 1982 2480 2061 opti-

505 2101 746 2145 norum
793 2083 1091 2144 librorum
1113 2128 1133 2158 ,
1174 2091 1236 2142 et
1283 2083 1519 2142 ratione
1548 2081 1859 2142 suadente.
1942 2083 2116 2156 Quod
2151 2083 2294 2143 dein
2331 2084 2477 2145 boni

467 2198 472 2201 ’
509 2184 652 2245 libri
698 2196 785 2245 est
835 2185 1123 2244 omittunt
1174 2192 1307 2262 post
1357 2183 1571 2242 melius
1588 2229 1605 2258 ,
1660 2204 1784 2244 nou
1828 2183 2082 2262 quidem
2128 2186 2480 2265 improban—

504 2286 661 2347 dum
682 2332 702 2363 ,
738 2305 855 2346 neo
886 2294 1091 2346 tamen
1123 2285 1454 2345 necessario
1487 2285 1869 2362 sequendum
1902 2294 2051 2347 erat.

590 2389 886 2469 dangre-s
909 2398 1105 2447 eom
1132 2386 1315 2467 legens
1343 2418 1422 2433 -
1450 2384 1702 2463 amari)
1781 2385 1993 2464 Inepta
2020 2388 2087 2445 in
2115 2387 2289 2448 bonis
2310 2389 2484 2450 libris

511 2487 825 2553 nonnullis
870 2495 954 2549 est
1005 2487 1190 2548 leutio
1223 2486 1372 2568 logi.-
1410 2505 1612 2567 neque
1650 2486 1994 2567 indigemus
2019 2488 2239 2550 Davisii
2271 2491 2483 2552 eunie-

509 2601 721 2670 otura,
753 2593 942 2677 olitano.
1024 2591 1159 2670 Ipsa
1193 2591 1294 2650 lex
1327 2590 1561 2667 integra
1599 2590 1984 2668 servabatur,
2029 2593 2070 2652 i.
2109 2612 2163 2654 e.
2197 2592 2307 2653 illo
2343 2612 2481 2654 oen-

505 2715 713 2758 sorun
744 2692 1121 2774 praeiudicio
1152 2692 1309 2753 nihil
1344 2691 1734 2752 minuebatur
1768 2692 1845 2753 de
1874 2714 1948 2754 ea
1972 2694 2134 2772 lege,
2175 2714 2335 2773 quae
2364 2696 2480 2755 ori-

509 2797 779 2858 minibus
821 2796 944 2856 illis
971 2816 1227 2877 posnan·
1271 2797 1488 2855 noa-iae
1523 2815 1732 2874 parem
1783 2815 1909 2855 esse
1954 2797 2236 2871 iubebat,
2275 2797 2343 2878 (§
2379 2798 2477 2860 46.

511 2897 676 2980 init.)
720 2900 804 2958 ita
853 2906 926 2958 ut
977 2904 1170 2978 posset
1217 2905 1521 2960 aecusator
1571 2897 1889 2973 exsistere,
1923 2900 2033 2977 qui
2069 2899 2371 2977 privatum
2412 2901 2479 2960 iu

513 2999 817 3061 iudicium
856 3006 1117 3061 voearet.

593 3100 760 3161 loeus
809 3100 936 3180 ὄρεα
986 3111 1043 3159 ts
1094 3118 1216 3157 non
1265 3096 1560 3177 πώποκα)
1664 3099 1918 3176 Tamen,
1975 3100 2143 3180 quod
2198 3102 2482 3162 nonnulli

511 3200 741 3264 hahent
768 3200 914 3261 libri
929 3246 949 3277 ,
984 3199 1411 3278 interpolatum
1446 3199 1691 3259 videtur
1707 3244 1726 3276 ,
1760 3203 2059 3281 corruptis
2073 3247 2092 3277 ‚
2120 3210 2227 3263 aut
2257 3203 2485 3263 omissis

513 3318 572 3367 ts
601 3325 743 3366 non.
809 3302 998 3384 Atqui
1025 3303 1259 3382 requiri
1287 3310 1437 3382 puto
1475 3301 1731 3362 formam
1767 3304 2287 3381 interrogativum
2324 3324 2482 3383 quae

512 3407 783 3472 vindieat
815 3414 880 3469 et
912 3407 1081 3467 illam
1113 3404 1376 3484 negandi
1410 3404 1769 3483 particulam
1789 3450 1807 3479 ,
1849 3411 1911 3463 et
1943 3414 2012 3465 ut
2045 3405 2222 3466 initio
2251 3408 2401 3486 quid
2423 3410 2483 3468 si

514 3520 820 3571 servetur:
863 3518 1200 3588 utrumque
1230 3509 1369 3569 satis
1403 3508 1682 3567 firmatur
1714 3507 2013 3568 librorum
2050 3510 2423 3571 auctoritate.

597 3610 642 3692 §
680 3610 780 3671 48.
835 3613 905 3671 de
924 3615 1055 3672 inre
1076 3612 1288 3692 populi
1306 3612 1572 3671 Romani
1584 3655 1602 3683 ,
1630 3611 2110 3689 quemadmodum
2136 3612 2486 3694 instituisti)

517 3711 679 3789 Quid
714 3712 1015 3790 intelligat
1046 3715 1144 3773 ius
1170 3714 1381 3795 populi
1416 3714 1530 3788 R„
1571 3712 1700 3791 ipse
1736 3733 1875 3774 mox
1910 3714 2174 3793 explieat
2212 3713 2480 3793 Atticus,

519 3814 563 3876 i.
596 3834 653 3876 e.
682 3832 808 3894 quo
835 3814 975 3874 iure
989 3859 1008 3889 ‚
1041 3821 1106 3873 et
1135 3833 1255 3893 qus
1284 3822 1574 3892 potestate
1602 3815 1828 3893 singuli
1861 3822 2058 3875 essent
2085 3817 2481 3895 magistratus.

515 3912 865 3997 Ρωμποι,
895 3915 1171 3976 noudum
1204 3932 1241 3974 a
1271 3915 1714 3994 magistratibus
1745 3915 2156 3991 disoedivult,
2189 3922 2261 3975 ut
2295 3923 2481 3975 trans-

516 4027 694 4080 otitu·
726 4018 805 4081 nd
835 4018 1090 4080 indivia.

597 4116 2041 4201 quidm-bubeheomqmquwim)
2136 4117 2478 4181 Sillarous
