3131 5032
678 520 763 559 XX

684 705 794 782 16,
835 694 892 768 ί.
926 700 1049 780 111,
1080 697 1157 779 ΒΝ,
1192 696 1335 772 init.
1362 695 1638 787 scriptae
1669 698 1741 766 A.
1782 702 1940 765 700:
1970 698 2058 767 ad
2087 697 2220 768 niv.
2251 696 2401 783 vll,
2429 706 2493 771 2.
2512 700 2631 771 fin.

675 811 910 905 scripta
953 812 1027 879 A.
1069 814 1231 892 702,
1276 810 1442 899 quAe
1487 809 1705 881 omnia
1755 809 2029 879 mirifice
2066 813 2442 904 conspirant
2483 836 2639 883 cum

675 923 781 995 illa
811 923 1072 1017 querela
1107 921 1179 990 in
1212 943 1504 990 sermone
1531 924 1625 990 De
1656 921 1944 1014 Legibus.
2087 942 2092 947 ·

761 1039 982 1128 Neque
1012 1036 1137 1105 hoc
1162 1032 1630 1125 negligendum
1664 1047 1792 1115 est,
1820 1033 2046 1126 Arpini
2067 1056 2428 1105 sermonem
2455 1036 2639 1106 illum

673 1149 771 1218 vix
821 1147 1044 1217 haberi
1098 1146 1380 1238 potuisse
1425 1158 1773 1237 postquam
1819 1169 1858 1214 e
1899 1146 2225 1236 provincia
2261 1147 2642 1219 decenis-ct.

671 1262 996 1352 Nusquam
1047 1272 1593 1327 commemoratur
1642 1258 2015 1327 Ciceronem
2060 1258 2285 1351 primis
2315 1258 2440 1328 inis
2472 1274 2646 1328 tem-

671 1371 933 1462 poribus
968 1373 1068 1464 (A.
1101 1370 1258 1460 705)
1289 1369 1382 1438 ibi
1422 1370 1804 1438 rusticatum
1850 1390 2007 1450 esse,
2046 1369 2398 1460 'multoque
2430 1372 2647 1440 minus

669 1506 822 1551 cum
858 1482 1077 1552 Attico
1102 1497 1172 1551 et
1203 1481 1450 1568 Quinto
1474 1479 1870 1567 convenisse:
1907 1479 2226 1573 Arpinum
2256 1482 2451 1549 semel
2480 1483 2647 1552 atti·-

668 1593 808 1685 git,
852 1592 991 1662 filio
1037 1605 1116 1660 ut
1159 1592 1250 1661 ibi
1296 1606 1517 1683 togam
1548 1612 1784 1681 puram
1819 1590 2007 1659 daret
2046 1592 2159 1683 (ad
2188 1594 2326 1660 Att.
2356 1592 2484 1675 11,
2537 1601 2644 1663 19.

670 1705 840 1795 init.)
863 1756 883 1788 ,
928 1719 1218 1774 ceterum
1263 1703 1485 1771 multis
1516 1702 1878 1771 itineribus¹
1903 1703 2172 1773 iactatus
2205 1727 2324 1794 per
2353 1705 2641 1787 Italiam,

669 1833 740 1887 et
774 1817 1115 1909 navigandi
1149 1815 1407 1885 consilia
1434 1814 1721 1907 agitans:
1755 1814 1977 1905 itaque
2004 1816 2366 1908 complures
2392 1831 2646 1886 exstant

668 1953 786 2021 per
834 1929 996 1998 illud
1043 1950 1237 1998 omne
1283 1940 1539 2019 tempus
1592 1927 1869 2019 scriptae
1899 1928 1983 1995 ad
2025 1928 2316 1997 Atticum
2344 1930 2648 2023 epistolae

670 2041 808 2109 Lib.
856 2043 975 2111 vn
1004 2060 1211 2131 usque
1241 2039 1328 2106 ad
1362 2043 1445 2106 X.
1532 2041 1808 2120 Contra,
1857 2041 1931 2108 A.
1983 2045 2148 2121 ⁷03,
2196 2063 2403 2132 quum
2440 2045 2645 2113 Roma

672 2152 1033 2221 discederet
1091 2150 1163 2218 in
1220 2149 1616 2241 provinciam
1675 2151 2119 2241 profecturus,
2183 2150 2313 2220 fuit
2371 2177 2524 2222 sane
2573 2155 2640 2223 in

673 2265 1027 2333 Tusculano
1072 2285 1227 2331 cum
1272 2262 1491 2331 Attico
1511 2313 1528 2343 ,
1590 2284 1739 2331 mox
1787 2262 2012 2353 Arpini
2044 2285 2197 2331 cum
2227 2265 2510 2349 Quinto:
2557 2268 2644 2335 ad

670 2379 808 2447 Att.
851 2380 940 2460 V,
995 2382 1052 2444 1.
1146 2378 1239 2441 De
1285 2375 1712 2466 praecedente
1754 2377 1946 2444 Anno
1997 2380 2129 2444 '702
2182 2376 2276 2443 nil
2321 2377 2641 2460 truditur,

670 2503 740 2558 et
769 2489 898 2558 fuit
939 2488 1046 2556 ille
1087 2510 1296 2557 annus
1332 2508 1559 2557 musae
1591 2487 1968 2557 Milonianae
1998 2487 2285 2559 Ciceroni
2317 2489 2389 2557 in
2421 2489 2644 2581 primis

670 2601 1227 2691 occupatissimus:
1275 2601 1384 2668 sed
1404 2651 1421 2681 ‚
1469 2623 1677 2690 quum
1724 2601 1938 2692 nullae
1976 2624 2053 2669 ex
2085 2602 2196 2669 ino
2224 2624 2398 2670 enno
2434 2625 2646 2693 neque

673 2715 754 2782 ad
812 2713 1103 2783 Atticum
1123 2761 1143 2794 ‚
1190 2735 1403 2803 neque
1453 2713 1540 2779 ad
1592 2712 1915 2797 Quintum
1950 2713 2250 2804 epistolae
2284 2715 2604 2806 supersint
2623 2767 2642 2797 ,

674 2826 971 2917 suspicari
1024 2825 1177 2902 licet
1228 2846 1440 2915 neque
1486 2825 1603 2892 hos
1652 2839 1797 2892 tum
1849 2825 2047 2894 domo
2097 2826 2327 2894 afuisse
2344 2877 2362 2908 ,
2420 2841 2486 2895 et
2528 2850 2649 2919 per

673 2951 977 3005 aestatem
1025 2960 1177 3004 cum
1226 2939 1432 3002 Marco
1464 2934 1690 3024 Arpini
1721 2934 1947 3002 fuisse:
1997 2957 2149 3002 nam
2187 2934 2298 3005 illo
2330 2958 2505 3005 enno
2535 2960 2644 3006 re-

674 3050 861 3117 diisse
891 3049 1017 3140 iam
1052 3047 1369 3132 Quintum
1402 3071 1441 3114 a
1471 3049 1730 3114 Caesare
1764 3069 1803 3113 e
1830 3046 2049 3113 Galliis
2079 3060 2354 3116 constat.

764 3163 958 3247 Quod
984 3161 1039 3228 si
1070 3161 1239 3228 bene
1259 3211 1276 3240 ,
1323 3173 1403 3227 ut
1431 3174 1632 3251 pute,
1678 3159 1960 3228 coniecit
1994 3159 2265 3227 Orellius
2296 3160 2494 3250 Epist.
2537 3168 2642 3230 18.

675 3274 812 3341 Lib.
865 3277 919 3344 V
967 3273 1053 3339 ad
1106 3271 1373 3339 Fadium
1421 3271 1611 3339 huius
1653 3272 1823 3338 Anni
1857 3271 2044 3364 (702)
2080 3293 2242 3353 ense,
2289 3273 2512 3362 pulcre
2547 3274 2646 3341 vi-

675 3386 919 3453 dentur
949 3407 1102 3452 cum
1144 3384 1252 3451 illa
1293 3383 1555 3474 querela
1600 3383 1687 3450 de
1717 3383 1969 3451 iudiciis
2003 3385 2217 3475 (Legg.
2252 3388 2320 3467 1,
2368 3390 2485 3467 14,
2527 3385 2640 3475 40)

674 3498 1015 3567 convenire
1043 3496 1200 3563 haec
1232 3496 1317 3563 ad
1354 3495 1620 3562 Fadium
1656 3495 1924 3585 scripta:
1973 3521 2049 3562 ea
2071 3498 2350 3585 denique
2380 3499 2647 3565 videtur

673 3609 966 3678 conditio
1009 3607 1383 3698 impendere
1435 3610 1661 3698 legum
1680 3658 1698 3689 ,
1734 3609 2150 3679 iudiciorum
2168 3660 2185 3690 ‚
2232 3624 2605 3698 temporum
2621 3660 2643 3693 ,

675 3736 754 3790 uc
803 3725 1049 3811 optime
1090 3734 1316 3787 aetum
1361 3744 1508 3786 cum
1560 3743 1629 3784 eo
1677 3719 1989 3785 videatur
2034 3744 2201 3802 ecee,
2266 3725 2390 3809 qui
2437 3745 2645 3808 quam

682 3836 1023 3920 lenitum
1037 3857 1254 3924 poena
1275 3833 1364 3899 ab
1386 3835 1510 3899 lenc
1537 3856 1613 3897 re
1629 3834 1910 3921 publiea
1939 3833 2318 3901 disces-ecrit
2332 3863 2358 3900 .-
2379 3834 2642 3925 quibus—

677 3969 827 4014 cum
873 3945 1261 4015 conferenda
1305 3958 1460 4014 sunt
1504 3966 1676 4035 quae
1721 3943 1972 4035 scripsit
2006 3945 2092 4012 ad
2128 3944 2469 4014 Lentulum
2492 3997 2510 4029 ‚
2558 3947 2645 4015 ad

680 4060 914 4140 Div.1,
950 4065 1025 4139 8,
1061 4063 1100 4124 4
1132 4059 1229 4148 (A.
1263 4056 1423 4144 699)
1453 4070 1520 4124 et
1547 4057 1632 4124 ad
1654 4056 1878 4141 Quint.
1904 4056 2129 4134 fr.111,
2162 4061 2236 4138 6,
2260 4062 2301 4123 4
2331 4058 2642 4149 (A.700):

679 4195 754 4240 ex
777 4170 1012 4261 quibus
1034 4183 1302 4259 apparet
1332 4191 1501 4257 quae
1524 4167 1724 4236 ironia
1754 4169 1834 4235 sit
1863 4169 1933 4235 in
1956 4169 2150 4236 Attici
2181 4170 2412 4249 verbis,
2437 4193 2642 4259 quum
