3131 5032
804 440 930 508 392
1437 410 1636 500 ⁶·L112.
1679 436 1748 518 1,
1802 434 1915 517 14,
1965 435 2071 503 40.

881 662 1004 702 non
1046 641 1380 702 ardentibus
1426 641 1616 701 taedis
1648 672 1727 687 —
1750 639 2112 721 fraudisque
2152 635 2448 718 cruciatu)
2527 639 2768 720 Oppor-

804 752 953 806 tuna
988 753 1349 805 annotarunt
1381 745 1459 805 ad
1489 745 1554 806 h.
1584 745 1627 805 l.
1665 744 1931 805 Davisius
1960 751 2022 803 et
2053 742 2586 821 Wyttenbachius:
2628 744 2768 822 qui·

801 849 914 908 bus
946 849 1097 908 haee
1125 848 1439 910 addantur.
1520 847 1834 908 Aeschinis
1858 848 2061 907 locum
2084 845 2514 906 in'l'imarchea
2540 866 2599 924 p.
2624 846 2764 907 180.

798 950 869 1010 R.
910 951 1177 1012 imitatur
1209 953 1433 1012 Iuncus
1464 953 1697 1013 Stobaei
1718 951 1951 1027 CXVII,
1981 950 2040 1010 9.
2076 948 2162 1033 (Τ.
2188 950 2299 1011 111.
2319 971 2380 1030 p.
2400 950 2537 1011 447.
2556 949 2767 1030 Gaias.)

791 1054 1047 1134 loquens
1064 1054 1142 1115 de
1165 1054 1596 1135 cupiditatibus
1622 1063 1683 1115 et
1713 1054 2022 1114 iniustitiis
2044 1053 2375 1114 iuventutis
2390 1053 2627 1114 asseclis
2633 1046 2765 1130 ,αἶς

797 1164 1100 1235 σύμμαχός
1144 1183 1207 1218 ts
1245 1167 1342 1219 nal
1381 1163 1698 1238 συνέριθος
1743 1160 1775 1233 ἦ
1812 1163 2013 1232 νεότης
2049 1166 2303 1239 γίνεται,
2351 1160 2449 1231 ὑφ’
2485 1150 2550 1231 ἧς
2591 1159 2757 1232 βαδί-

795 1265 1002 1327 ζουσαι
1044 1269 1142 1322 καὶ
1181 1269 1696 1341 κατακρύπτεσθαι
1741 1266 2026 1324 δοκοῦσαι
2059 1267 2379 1338 μονονουχὶ
2410 1264 2623 1337 μάςιξι
2658 1267 2759 1319 καὶ

793 1367 1080 1444 κέντροις,
1138 1371 1329 1445 ὥσπερ
1377 1368 1478 1426 ἐπὶ
1526 1374 1738 1441 σκηνῆς
1786 1372 1850 1427 αἱ
1900 1370 2011 1425 τῶν
2061 1368 2362 1446 τραγῳδῶν
2400 1366 2761 1440 Εὐμενίδες,

793 1471 894 1526 τὸν
945 1473 1076 1528 νεὸν
1132 1470 1500 1529 ἐλαύνουσιν.
1556 1489 1821 1549 eumque
1863 1469 2068 1529 locum
2122 1466 2433 1545 usurpavit
2474 1467 2763 1546 Wytten-

792 1570 1044 1632 bachius
1075 1571 1150 1631 ad
1187 1572 1491 1633 Plutarch.
1526 1573 1584 1633 S.
1621 1572 1691 1633 N.
1730 1570 1799 1632 V.
1835 1592 1896 1651 p.
1935 1571 2043 1631 35:
2088 1591 2162 1629 ex
2190 1568 2524 1649 eademque
2556 1569 2764 1631 imita-

793 1674 957 1734 tione
1020 1675 1196 1735 fluxit
1254 1676 1643 1736 Philostratus
1700 1676 1865 1735 leon.
1924 1674 2016 1748 11,
2074 1672 2173 1733 23.
2273 1672 2359 1732 De
2418 1673 2760 1732 ardentibus

793 1778 980 1836 taedis
1014 1780 1355 1858 tragoediae
1384 1780 1561 1840 utilia
1585 1786 1792 1840 monet
1814 1777 2176 1839 Westrikius
2198 1796 2400 1851 meus,
2432 1776 2498 1835 in
2526 1776 2757 1855 Disput.

794 1877 872 1938 de
920 1880 1198 1963 Aeschyli
1247 1883 1508 1963 Choeph.
1553 1892 1669 1944 cet.
1705 1900 1765 1962 p.
1800 1881 1899 1944 79.
1932 1879 2148 1963 (Lugd.
2202 1879 2328 1940 Bat.
2380 1878 2557 1942 1826.
2660 1877 2761 1939 Ad

791 1980 1094 2061 Euripidis
1139 1986 1516 2066 Menalippen
1561 1985 1819 2047 contulit
1866 1984 2253 2045 Ciceroniana
2292 1981 2511 2041 Valck‘
2666 1982 2762 2040 'us

793 2080 976 2147 Diatr.
1031 2087 1172 2149 Eur.
1219 2109 1279 2169 p.
1341 2089 1476 2151 185.
1530 2090 1600 2149 C:
1656 2088 1761 2148 sed
1803 2096 2042 2167 praeter
2071 2088 2231 2148 locos
2263 2084 2522 2145 indicari
2556 2084 2761 2145 solitos

793 2183 862 2242 hi
898 2206 1143 2267 quoque
1174 2189 1528 2250 conserendi
1560 2198 1726 2250 sunt:
1768 2189 1936 2249 Verr.
1971 2189 2034 2266 1,
2075 2189 2145 2264 2,
2186 2189 2256 2265 6,
2297 2189 2482 2247 multa
2509 2188 2668 2246 enim
2701 2198 2759 2246 et

791 2290 859 2346 in
908 2291 1076 2368 deos,
1119 2304 1175 2351 et
1208 2295 1277 2351 in
1311 2294 1573 2354 homines
1618 2295 1799 2373 impis
1846 2295 2193 2373 nefarieque
2246 2292 2568 2351 commisit.-
2610 2308 2761 2370 quo-

792 2410 923 2448 rum
974 2394 1253 2453 scelerum
1294 2397 1508 2475 poenis
1545 2396 1839 2476 agitatur:
1882 2392 1959 2452 ad
1986 2412 2171 2472 quem
2206 2391 2410 2451 locum
2441 2408 2761 2470 perperam

796 2491 1051 2554 discedit
1099 2495 1376 2558 Ernestus
1423 2519 1457 2558 a
1510 2497 1800 2558 Dorvillio
1815 2543 1834 2573 ,
1889 2494 2216 2556 rectissime
2256 2513 2485 2574 poenas
2503 2539 2522 2569 ,
2546 2493 2763 2573 sarias

796 2594 1205 2678 intelligente3
1249 2621 1370 2681 qua
1401 2601 1478 2661 de
1506 2622 1575 2662 re
1601 2600 1819 2680 collegi
1847 2597 2140 2659 nonnulla
2173 2598 2239 2657 in
2263 2595 2418 2656 Bibl.
2437 2596 2580 2655 Crit.
2598 2596 2668 2655 N.
2687 2593 2759 2655 V.

796 2698 849 2757 1.
885 2720 946 2778 p.
982 2701 1080 2764 47.
1110 2704 1309 2765 Milon.
1331 2705 1439 2782 23,
1482 2705 1595 2781 61,
1636 2716 1704 2764 ut
1735 2725 1920 2784 neque
1953 2705 2233 2778 timeant,
2275 2704 2385 2781 qui
2415 2698 2576 2759 nihil
2602 2718 2759 2759 eom-n

791 2804 1090 2881 miserint,
1148 2818 1206 2867 et
1239 2829 1496 2889 poenam
1546 2828 1772 2889 semper
1819 2817 1953 2866 ante
2007 2804 2202 2865 oculos
2254 2804 2485 2863 versari
2522 2812 2757 2883 putent,

794 2910 904 2987 qui
915 2914 1242 2989 peccarint.
1285 2913 1518 2992 Fragm.
1543 2913 1609 2972 in
1630 2912 1800 2972 Clod.
1822 2918 1883 2971 et
1909 2909 2046 2970 Cur.
2067 2908 2230 2988 apud
2249 2906 2727 2982 Quinctilisnum
2736 2950 2757 2981 ,

783 3015 1150 3089 perturbatio
1184 3018 1366 3077 istam
1393 3019 1606 3077 mentis
1636 3029 1691 3077 et
1715 3016 2001 3097 quaedam
2029 3015 2309 3074 scelerum
2343 3013 2534 3092 offusa
2562 3011 2756 3092 caligo

789 3124 848 3170 et
883 3116 1147 3177 ardentes
1183 3122 1497 3201 surianam
1516 3123 1698 3201 faces
1734 3120 2102 3180 excitarunt.-
2143 3114 2222 3175 ad
2256 3134 2414 3195 quae
2449 3112 2761 3175 annotavit

795 3216 987 3282 Beier.
1007 3243 1066 3301 p.
1088 3222 1185 3284 91.
1269 3226 1641 3287 contractius
1667 3226 1871 3284 Livius
1888 3223 2018 3283 XXI
2033 3268 2051 3298 ,
2073 3220 2141 3283 41
2162 3268 2179 3298 ,
2208 3219 2278 3296 8,
2305 3241 2474 3300 quem
2492 3219 2618 3278 nisi
2643 3217 2758 3277 Sa·

785 3328 1111 3403 gunsinum
1133 3329 1321 3389 scelus
1348 3332 1630 3412 agitaret:
1660 3329 1848 3388 alium
1877 3327 2032 3387 Livii
2067 3326 2297 3400 locum,
2328 3342 2511 3402 quem
2536 3320 2761 3380 descri-

793 3429 910 3506 psit
925 3428 1221 3508 Davisius,
1251 3452 1390 3493 cum
1410 3433 1609 3493 Tacito
1625 3431 1782 3491 Anu.
1800 3428 1960 3506 XIV,
1979 3428 2088 3504 30,
2121 3428 2278 3487 bene
2306 3423 2756 3487 contulitErne-

792 3541 933 3592 stus.
952 3535 1193 3596 Sueten.
1206 3536 1421 3597 Neron.
1442 3535 1540 3612 34,
1557 3557 1743 3616 neque
1769 3546 1961 3595 tamen
1985 3533 2219 3592 sceleris
2237 3529 2654 3591 conscientiam
2670 3558 2755 3572 —

781 3639 949 3718 serre
981 3642 1218 3718 potuit,
1260 3661 1428 3720 saepe
1475 3642 1776 3719 consessus
1807 3637 2108 3720 exagitari
2133 3656 2192 3694 se
2227 3646 2491 3694 matema
2526 3631 2717 3712 specie
2734 3675 2754 3706 ‚

791 3743 1127 3802 verberibus
1144 3746 1458 3825 furiarum
1492 3765 1563 3802 ac
1595 3743 1781 3802 taedis
1816 3741 2173 3801 ardentibus.
2199 3772 2279 3783 —
2312 3737 2641 3811 Postremo,
2683 3740 2756 3792 ut

791 3850 1069 3911 scelerum
1109 3869 1364 3929 poenae,
1410 3847 1496 3907 sic
1528 3846 1758 3907 dicitur
1784 3846 2025 3924 fraudis
2058 3845 2355 3904 cruciatus
2373 3886 2390 3916 ,
2435 3842 2499 3900 in
2531 3838 2754 3919 quibus

792 3973 985 4032 quum
1026 3951 1310 4033 fraudem
1359 3960 1525 4011 recte
1583 3951 2081 4029 interpretaretur
2115 3946 2476 4007 Goerenzius
2492 3989 2509 4019 ‚
2565 3943 2754 4002 miror

787 4078 930 4118 cum
962 4056 1120 4117 infra
1149 4056 1268 4132 111,
1301 4055 1337 4115 4
1359 4102 1375 4130 ‚
1392 4054 1461 4112 11
1482 4101 1499 4130 ,
1528 4054 1657 4115 sine
1686 4053 2201 4113 animadversione
2223 4048 2597 4130 praeteriisse
2617 4064 2750 4125 pra·

789 4179 925 4219 vam
974 4155 1194 4217 Davisii
1247 4157 1837 4236 interpretationem:
1898 4154 2057 4217 cons.
2112 4153 2309 4215 Divin.
2343 4153 2403 4229 1,
2438 4149 2506 4228 4,
2541 4150 2611 4227 7,
2644 4148 2747 4209 fin.
