3131 5032
788 420 922 487 394
1473 411 1618 479 Lm.
1661 411 1729 497 1,
1784 412 1901 496 14,
1950 414 2055 482 ιο.

781 624 1100 704 hueusque
1161 639 1284 680 non
1342 617 1482 680 satia
1534 618 1771 678 firmam
1820 618 2083 680 habebat
2132 618 2547 681 auctoritatem
2562 664 2584 698 ,
2634 621 2750 683 aed

781 735 987 788 tamen
1019 727 1146 805 ipsa
1179 724 1474 784 correctio
1506 730 1739 782 tantum
1795 730 1899 784 eat.
1981 722 2183 782 Malim
2220 745 2259 783 a
2291 736 2510 785 natm
2531 736 2589 784 et
2612 727 2747 786 iure

778 832 1001 910 aliquo.
1082 829 1360 889 Ceterum
1396 847 1520 887 non
1554 825 1839 887 assentior
1874 824 2167 905 Madvigio
2186 873 2203 903 ,
2245 827 2354 907 qui
2390 827 2469 889 ad
2498 827 2629 889 Fin.
2649 828 2744 906 11,

784 931 898 1009 19,
940 932 1059 1009 61,
1100 951 1160 1011 p.
1197 929 1355 1005 251,
1406 931 1472 989 in
1521 930 1617 990 his
1668 932 1796 988 im
1844 930 2047 1009 aliquo
2081 960 2160 977 ·-
2188 952 2370 1010 quae,
2423 933 2744 992 transitum

772 1034 908 1096 fieri
939 1043 1112 1115 putat
1146 1056 1181 1095 a
1215 1035 1451 1112 generis
1483 1033 1887 1114 appellatione
1913 1033 1990 1093 ad
2015 1034 2253 1112 cingula
2276 1054 2550 1114 pronom.
2582 1036 2743 1115 plur.

774 1137 1196 1217 significanda:
1239 1137 1540 1215 aptissime
1584 1137 1747 1197 enim
1788 1157 1937 1216 quae
1970 1145 2104 1196 tum
2137 1136 2215 1196 ad
2252 1158 2491 1199 caueam
2525 1139 2746 1200 doloris

775 1243 928 1301 iusti
944 1288 963 1319 ,
1020 1250 1153 1301 tum
1206 1239 1283 1300 ad
1330 1251 1605 1300 naturam
1655 1247 1718 1299 et
1765 1238 1843 1299 ad
1892 1241 1989 1299 ius
2025 1249 2372 1318 revocatur3
2413 1260 2531 1302 neo
2562 1240 2748 1303 facile

776 1343 1030 1421 cogitari
1068 1348 1314 1423 possunt
1352 1341 1597 1422 cingula
1628 1342 1768 1400 im
1803 1351 2070 1400 naturae.

859 1444 1019 1525 quod
1059 1445 1118 1504 εἰ
1156 1463 1353 1526 poena
1402 1476 1485 1488 -—
1530 1443 1785 1504 habendi
1817 1455 1955 1502 sunt
1984 1441 2261 1524 improbi)
2339 1443 2654 1505 Goerenzii
2685 1453 2747 1506 et

778 1546 991 1608 Honori
1021 1546 1408 1607 incredibiles
1439 1543 1506 1603 in
1536 1545 1654 1604 hoe
1687 1544 1821 1604 loeo
1855 1542 2307 1622 interpretando
2341 1563 2575 1606 errores
2608 1547 2747 1607 satia

776 1651 1088 1730 castigavit
1111 1650 1441 1729 Madvigius
1457 1648 1797 1708 Emendatt.
1816 1647 1866 1706 1.
1886 1667 1947 1726 p.
1973 1647 2067 1723 11,
2087 1648 2336 1728 (iterum
2364 1647 2446 1710 de
2469 1648 2745 1711 inaudito

774 1756 885 1816 illo
936 1754 1098 1815 ooni.
1151 1765 1256 1814 aut
1308 1773 1426 1813 usn
1474 1772 1726 1813 monens
1775 1751 1924 1811 ibid.
1977 1771 2040 1831 p.
2098 1748 2262 1831 142.)
2342 1752 2557 1814 Sensus
2607 1755 2746 1815 antia

775 1860 1130 1939 perspicuus
1162 1865 1275 1917 eat:
1315 1857 1365 1915 ai
1395 1874 1590 1935 poena
1621 1854 1887 1915 deterret
1914 1854 1993 1915 ab
2021 1854 2312 1916 iniuriosa
2343 1855 2467 1917 vita
2482 1902 2501 1933 ,
2534 1876 2741 1936 nemo,

772 1961 886 2041 qui
917 1962 1205 2022 iniuriam
1239 1959 1599 2034 committat,
1640 1958 1885 2038 proprie
1911 1959 2167 2018 iniustus
2195 1960 2489 2039 appellari
2520 1969 2741 2039 potest:

661 2069 668 2078 '
774 2082 901 2143 quo
946 2063 1135 2141 igitur
1185 2062 1281 2121 illi
1329 2061 1578 2121 nomine
1628 2060 1969 2140 appellandi
2022 2064 2200 2124 aunt?
2242 2062 2511 2123 habendi
2542 2063 2743 2143 potius

775 2173 918 2225 aunt
968 2165 1201 2225 incauti
1212 2212 1232 2243 ,
1290 2184 1416 2226 non
1466 2164 1749 2243 improbi.
1844 2164 2097 2224 Laborat
2145 2173 2342 2225 tamen
2360 2212 2379 2242 ,
2420 2174 2494 2225 nt
2527 2186 2741 2229 verum

775 2266 966 2328 fatear
983 2313 1001 2344 ,
1060 2268 1246 2327 huius
1305 2267 1841 2346 argumentationis
1901 2268 2266 2330 enunciatio.
2365 2269 2600 2331 Durum
2656 2276 2743 2331 eat

777 2368 945 2429 enim
956 2413 974 2444 ,
1032 2387 1225 2447 quum
1276 2368 1643 2447 praecedant
1691 2387 1761 2428 ea
1776 2414 1794 2445 ,
1852 2388 2010 2448 quae
2058 2369 2410 2432 referuntur
2442 2370 2521 2431 ad
2540 2372 2740 2432 vitam

775 2493 899 2535 non
936 2471 1285 2533 iniuriosam
1319 2471 1590 2554 (deterret
1628 2472 1702 2531 ab
1734 2472 2035 2534 iniuriosa
2069 2472 2221 2556 vita)
2240 2520 2258 2551 ,
2298 2474 2365 2534 in
2400 2473 2528 2551 hia,
2571 2494 2737 2539 nemo

774 2589 863 2638 eet
912 2579 1176 2637 iniustus
1194 2623 1213 2653 ,
1268 2575 1615 2653 intelligere
1680 2595 1780 2637 eos
1837 2578 1945 2656 qui
2002 2596 2126 2637 non
2188 2576 2608 2638 deterreantur
2661 2578 2739 2640 ab

774 2680 1064 2742 iniuriosa
1113 2679 1257 2740 vita.
1354 2679 1539 2755 Tum,
1596 2679 1722 2739 sive
1774 2690 1914 2755 aut,
1964 2681 2090 2740 aive
2137 2692 2310 2761 osque
2346 2681 2610 2760 legatur,
2648 2700 2737 2742 ae·

778 2782 1030 2864 quentia
1082 2801 1205 2842 non
1266 2780 1437 2842 aliud
1494 2779 1650 2860 quid
1666 2826 1684 2856 ,
1741 2780 1847 2841 ned
1902 2782 2100 2861 ipsum
2158 2781 2315 2842 illud
2366 2781 2734 2862 significant,

775 2886 944 2967 quod
979 2885 1162 2947 verba
1194 2906 1362 2944 nemo
1397 2886 1509 2944 erit
1542 2886 1824 2946 initam.
1906 2882 2209 2946 Postremo
2233 2905 2315 2945 ne
2345 2885 2463 2947 hoe
2488 2885 2736 2966 quidem

772 2990 1005 3070 placet,
1034 2997 1104 3049 ut
1138 2987 1377 3049 dicatur
1406 2987 1700 3068 improbos
1731 2986 2022 3048 habendos
2056 3009 2178 3049 aaa
2206 2991 2481 3050 incautae
2498 2992 2735 3071 potiar,

774 3092 942 3173 quod
976 3112 1099 3153 non
1144 3092 1259 3151 nisi
1278 3091 1365 3151 sie
1400 3090 1694 3169 explicari
1719 3092 1967 3168 poterit,
2004 3110 2206 3171 »quoa
2228 3092 2414 3171 vulgo
2437 3093 2738 3172 impmboo

773 3220 806 3255 n
826 3195 1231 3276 appellemus,
1289 3214 1389 3254 eoa
1438 3191 1747 3254 habendos
1796 3214 1920 3254 ease
1969 3195 2300 3256 incautos.''
2388 3196 2465 3256 In
2495 3197 2733 3276 Legem.

775 3298 855 3362 58
888 3298 1139 3380 quidem
1183 3298 1395 3358 vitiose
1440 3297 1667 3376 legitur
1695 3318 1864 3357 namo
1895 3319 2016 3357 non
2049 3311 2134 3360 eat
2158 3301 2459 3360 iniustus.-
2497 3299 2598 3359 aed
2631 3298 2736 3358 de·

774 3400 959 3462 lenda
985 3401 1187 3481 potius
1213 3408 1302 3461 est
1328 3399 1540 3479 partie.
1569 3420 1794 3479 negans
1826 3401 1892 3460 in
1926 3400 2247 3479 adiectivo,
2287 3401 2734 3481 legendumque

775 3525 946 3564 nemo
983 3516 1070 3565 ost
1099 3506 1320 3564 iustus:
1362 3505 1411 3562 ai
1460 3502 1766 3585 quidem
1748 3504 1795 3563 ιί
1830 3503 2078 3565 demum
2114 3507 2265 3567 iuni
2296 3507 2414 3569 rite
2445 3504 2736 3586 appellari

773 3614 1054 3687 pooeunt,
1095 3624 1245 3685 quos
1288 3608 1415 3686 ipsa
1471 3606 1786 3686 turpitudo
1835 3606 1913 3667 ab
1961 3607 2251 3669 iniuriosa
2299 3610 2420 3670 vita
2452 3608 2736 3671 deterret.

777 3708 953 3785 Quod
984 3709 1033 3768 ai
1065 3710 1447 3788 probabitur,
1487 3709 1813 3792 (contrario
1845 3730 2049 3772 errore
2077 3714 2272 3773 iaetu
2303 3731 2417 3792 pro
2447 3715 2734 3788 iniustae,

778 3813 1019 3892 Lagom.
1077 3812 1174 3874 10.
1225 3812 1383 3875 infra
1432 3813 1572 3893 Cap.
1622 3813 1737 3893 15,
1770 3814 1885 3892 42,
1924 3824 1987 3875 et
2022 3817 2245 3876 iustum
2285 3836 2396 3896 pro
2443 3818 2735 3877 iniustum

777 3916 964 3978 habet
1005 3916 1069 3977 B.
1103 3916 1263 3977 infra
1295 3918 1422 3995 ΙΙΙ,
1469 3917 1582 3995 12,
1620 3918 1761 3999 27),
1802 3920 1977 3980 nulla
2020 3938 2198 3982 eausa
2246 3922 2364 3981 erit
2411 3920 2736 3982 mutandae

777 4019 937 4081 ooni.
975 4031 1110 4097 aut,
1137 4038 1261 4100 qua
1287 4020 1594 4082 indicatur
1625 4022 1692 4082 id
1708 4068 1728 4099 ,
1768 4021 1933 4102 quod
1958 4023 2232 4104 sequitur
2247 4069 2265 4099 ,
2291 4023 2507 4085 eodem
2530 4025 2736 4086 redire

784 4131 966 4203 atque
988 4122 1287 4204 nuperius,
1304 4121 1639 4205 (neminem
1668 4125 1893 4189 iustum
1920 4145 2072 4204 ease,
2092 4136 2155 4189 et
2181 4127 2489 4190 neminem
2517 4129 2735 4210 impro-
