3131 5032
1184 451 1326 519 Lm.
1371 451 1442 537 1,
1488 457 1565 538 9,
1613 454 1720 520 26.
2293 457 2423 523 3¹19

479 677 540 738 p.
577 656 714 720 587.
758 656 838 733 E,
888 667 1157 733 μιμεῖται
1201 658 1374 735 γάρὴ
1416 659 1591 729 τέχνη
1630 660 1727 731 τήν
1773 667 1975 730 φύσιν.
2080 658 2210 718 Non
2264 668 2428 719 recte

477 761 659 839 igitur
677 805 694 835 ‚
735 760 814 820 ob
866 757 1050 817 unius
1096 757 1378 817 imitandi
1430 757 1709 817 vocabuli
1747 756 2236 834 similitudinem,
2275 760 2429 821 haec

477 863 722 923 Beierus
770 862 1028 923 contulit
1075 880 1217 920 cum
1267 858 1430 920 Offic.
1484 860 1548 935 1,
1609 860 1723 937 35,
1783 861 1933 936 127,
1989 862 2122 923 init.
2216 863 2427 944 Neque

474 965 733 1026 Moserus
765 964 1099 1045 quidquam
1133 963 1500 1025 sollicitasset
1531 964 1596 1022 iu
1621 963 1751 1024 Nat.
1779 963 1848 1026 Ι).
1877 964 1967 1040 11,
2008 966 2117 1041 53,
2162 966 2295 1028 132.
2320 968 2426 1030 fin.

473 1068 524 1128 si
567 1069 935 1128 meminisset
977 1076 1039 1128 et
1079 1067 1209 1127 istic
1226 1114 1245 1144 ‚
1286 1073 1349 1127 et
1383 1066 1485 1127 hic
1525 1079 1679 1127 artes
1712 1068 1778 1126 in
1812 1075 2062 1129 naturae
2095 1078 2157 1129 et
2184 1068 2428 1132 divinae

472 1168 889 1249 providentiae
922 1167 1228 1230 beneficiis
1259 1167 1425 1248 poni.

1241 1371 1512 1441 CAPUT
1559 1372 1669 1440 IX.

556 1586 749 1663 ipsum
785 1594 979 1643 autem
1013 1580 1330 1664 hominem)
1410 1582 1747 1661 opponitur
1786 1581 1953 1642 homo
1987 1585 2431 1646 commoditati-

472 1686 587 1746 bus
639 1685 739 1761 iis,
799 1685 1018 1765 quibus
1067 1685 1254 1745 vitam
1308 1685 1438 1744 eius
1492 1684 1571 1744 ad
1616 1685 1881 1745 fructum
1915 1694 1977 1745 et
2010 1687 2086 1746 ad
2122 1708 2293 1749 usum
2332 1690 2429 1749 in-

467 1789 689 1849 struxit
721 1796 954 1848 natura.
987 1820 1069 1831 —
1100 1787 1250 1847 Tum
1288 1788 1519 1848 servavi
1554 1787 1656 1863 id,
1697 1786 1863 1865 quod
1895 1788 2040 1848 libri
2071 1792 2194 1850 mei
2227 1810 2431 1851 omues

471 1891 730 1968 habent,
768 1892 872 1951 sed
919 1902 976 1950 et
1021 1911 1225 1950 senens
1240 1936 1259 1966 ‚
1318 1890 1484 1970 quod
1534 1909 1850 1969 perperam
1899 1892 2232 1953 secundum
2270 1914 2433 1953 non-

470 1995 667 2055 nullas
699 2002 930 2054 veteres
961 1992 1131 2053 editt.
1167 2000 1467 2054 mutatum
1494 2001 1583 2052 est
1615 1991 1683 2052 in
1709 1994 1812 2053 sed
1837 1996 2016 2054 stiam
2032 2040 2052 2071 ,
2084 2016 2277 2075 quum
2307 2017 2431 2057 non

469 2097 881 2159 attenderetur
914 2098 983 2156 in
1015 2096 1469 2157 enumeratione
1511 2096 1664 2157 haec
1714 2095 1835 2156 dici
1853 2142 1870 2171 ,
1905 2109 1961 2156 et
1988 2119 2193 2159 senem
2203 2146 2222 2176 ,
2261 2133 2343 2144 —
2374 2110 2432 2160 et

466 2222 661 2262 rerum
702 2203 859 2282 plur.
906 2234 988 2246 —
1013 2201 1412 2280 figuramque.
1447 2232 1528 2245 -—
1557 2199 1691 2260 Non
1725 2197 2022 2259 diffitebor
2057 2209 2259 2262 tamen
2294 2222 2428 2281 pro·

470 2312 607 2384 pter
659 2304 934 2364 attribuit
980 2321 1296 2382 perperam
1347 2302 1548 2362 abesse
1592 2302 1747 2362 mihi
1783 2301 1979 2362 videri
2007 2302 2315 2365 dativumt
2357 2313 2427 2365 ut

470 2405 601 2467 sere
632 2426 755 2466 non
788 2404 1062 2466 dubitem
1101 2405 1255 2485 quin
1283 2417 1340 2464 et
1370 2405 1734 2465 mutandum
1766 2405 1841 2464 sit
1874 2405 1938 2464 in
1969 2408 2056 2481 ei,
2097 2426 2222 2485 quo
2249 2408 2428 2470 modo

469 2509 704 2589 saepius
734 2516 998 2570 erratum
1028 2516 1147 2569 est:
1190 2507 1349 2569 conf.
1388 2506 1635 2568 Ruhnk.
1662 2506 1740 2568 ad
1773 2506 1926 2568 vell.
1958 2506 2080 2570 Pac.
2112 2509 2202 2587 11,
2230 2509 2311 2573 37
2321 2556 2340 2588 ,
2367 2513 2424 2573 5.

465 2632 528 2693 p.
563 2613 703 2675 201.
735 2612 795 2673 h.
830 2611 1081 2691 Madvig.
1114 2611 1220 2691 Ep.
1256 2611 1396 2670 crit.
1431 2630 1491 2690 p.
1528 2611 1630 2674 70.
1663 2640 1747 2656 -
1780 2610 1954 2685 Quod
1982 2620 2188 2672 autem
2226 2614 2426 2675 eadem

465 2728 682 2777 notura
697 2762 716 2792 ‚
749 2716 1106 2796 pronomine
1131 2734 1276 2775 cum
1301 2713 1515 2775 iterato
1547 2714 1730 2774 subet.
1765 2714 2009 2792 iuncto,
2049 2714 2235 2792 dixit,
2274 2718 2428 2779 solet

469 2819 585 2895 ita,
626 2830 696 2880 ut
727 2819 895 2880 Tusc.
935 2819 1003 2894 1,
1044 2818 1160 2895 20,
1202 2818 1314 2893 46,
1355 2819 1530 2897 quid,
1571 2818 1727 2896 quod
1763 2820 1960 2877 eadem
1995 2830 2200 2880 mente.

550 2932 608 2981 et
659 2941 849 2980 rerum
885 2921 1282 3001 plurimarum
1330 2919 1606 2979 obscuras
1652 2940 1758 2980 nec
1809 2922 1957 2979 satis
2002 2921 2426 3002 intelligentias

474 3020 775 3101 enodavit)
851 3023 926 3081 ln
975 3022 1108 3083 loco
1153 3021 1426 3083 nondum
1451 3030 1814 3102 perpurgato
1843 3023 2097 3100 optimos
2127 3023 2313 3086 libros
2342 3025 2427 3086 ita

470 3125 664 3189 secuti
698 3143 939 3200 sumus,
978 3132 1049 3184 ut
1081 3124 1226 3185 inde
1260 3133 1322 3185 et
1363 3124 1637 3185 obscuras
1672 3124 2077 3204 reciperemus
2112 3125 2427 3206 (quoniam

465 3251 589 3291 uon
619 3250 711 3289 res
726 3274 744 3304 ‚
784 3227 891 3288 sed
921 3227 1350 3309 intelligentiae
1386 3229 1661 3287 obscurae
1694 3226 1971 3287 dicantur
2002 3246 2241 3287 necesse
2278 3236 2366 3288 est
2379 3226 2425 3308 ,)

465 3340 529 3393 et
560 3353 668 3392 nec
702 3333 854 3391 satis
887 3328 1322 3404 retineremus,
1363 3327 1770 3389 deseremus
1811 3337 2014 3389 autem
2043 3339 2324 3409 corrupta
2359 3332 2425 3392 in

467 3433 710 3507 iisdem,
739 3430 1153 3513 intelligendae
1169 3476 1189 3506 ,
1219 3437 1326 3490 aut
1354 3430 1764 3511 intelligenda:
1808 3428 1875 3488 in
1902 3429 2036 3488 aliis
2065 3438 2126 3490 et
2152 3432 2422 3494 obseura-

466 3555 597 3596 nam
614 3581 633 3611 ,
688 3543 753 3596 et
798 3535 1162 3595 necessarias
1214 3541 1320 3594 est.
1401 3533 1747 3593 Rectissime
1794 3541 1997 3593 autem
2029 3533 2108 3594 ab
2140 3536 2272 3596 aliis
2302 3538 2422 3599 iarn

468 3646 806 3698 correctum
831 3647 918 3697 est
942 3636 1276 3698 inchoavit.-
1312 3637 1702 3719 (quamquam
1733 3636 2062 3715 Madvigius
2088 3639 2424 3704 Emendat&

467 3759 532 3820 p.
576 3738 668 3799 10.
700 3758 891 3817 quum
945 3738 1096 3800 dicit
1135 3739 1379 3798 enodare
1414 3759 1651 3818 semper
1682 3738 1761 3798 de
1795 3740 1920 3819 ipsa
1949 3762 2046 3817 re,
2088 3764 2423 3825 numquam

469 3843 549 3902 de
594 3840 990 3919 intelligentia
1022 3849 1083 3901 et
1120 3842 1368 3901 scientia
1403 3841 1560 3917 dici,
1602 3842 1918 3903 immemor
1951 3853 2039 3903 est
2069 3845 2188 3905 loci
2221 3847 2421 3926 Topic.

468 3944 511 4006 7
530 3989 550 4019 ‚
589 3943 700 4018 31,
743 3941 848 4002 uhi
865 3987 884 4017 ‚
923 3963 1289 4024 quamquam
1339 3944 1465 4023 ipsa
1509 3945 1804 4005 sententia
1837 3945 2200 4007 demonstrat
2235 3951 2424 4010 veris-

465 4047 615 4107 sime
643 4045 889 4106 excludi
912 4046 988 4107 ab
1015 4047 1131 4107 hoc
1160 4047 1294 4107 loco
1321 4047 1624 4124 enodavit,
1652 4056 1852 4110 tamen
1876 4047 2418 4132 diciturpognieio,

465 4151 836 4211 enodationis
867 4148 1199 4232 indigen-52)
1235 4170 1428 4231 eaque
1456 4152 1750 4214 correctio
1783 4149 2168 4213 confirmatur
2195 4173 2269 4213 ex
2305 4155 2419 4215 hoc
