3131 5032
1641 458 1779 531 104

875 685 1008 739 tem
1056 671 1238 739 deest
1290 668 1554 740 tertium
1609 664 1838 738 folium
1857 715 1875 748 ‚
1936 662 2280 738 continens
2325 661 2539 734 locum
2585 663 2649 729 11
2670 713 2688 743 ,

873 787 991 865 21,
1058 786 1178 864 52,
1241 804 1282 853 ι
1329 779 1537 850 verbis
1584 790 1647 848 et
1700 779 2144 858 Coruncanio,
2187 797 2391 866 usque
2421 773 2519 844 -ad
2565 778 2688 858 25,

873 898 962 965 64
981 946 1001 976 ,
1062 893 1270 963 verbis
1318 917 1461 961 moe
1506 915 1552 959 a
1606 891 1918 979 Cecrope.-
1976 885 2158 980 quod
2207 885 2435 956 folium
2482 884 2692 957 nescio

868 1028 1003 1099 quo
1046 1029 1191 1077 casu
1239 1027 1315 1076 ex
1362 1005 1487 1074 hoc
1548 999 1874 1071 volumine
1930 996 2347 1067 exturbatum
2404 996 2693 1069 adhaesit

870 1117 1010 1201 alii,
1059 1116 1255 1211 longe
1300 1113 1746 1196 diversissimo,
1797 1110 2104 1202 cuiusque
2149 1107 2489 1179 maximam
2534 1133 2691 1203 par-

872 1243 1007 1299 tem
1054 1242 1374 1321 occupant
1435 1226 1726 1321 Gregorii
1771 1228 1851 1294 M.
1900 1222 2219 1316 Epistolae
2268 1223 2461 1315 (MSS.
2511 1226 2687 1296 Voss.

869 1341 1075 1412 Latin.
1105 1342 1332 1427 Quart.
1361 1355 1455 1414 n⁰.
1482 1345 1588 1411 17.
1615 1337 1813 1410 Catal.
1841 1360 1908 1430 p.
1932 1334 2113 1428 378.)
2148 1350 2227 1407 ut
2258 1334 2385 1408 hoe
2420 1336 2685 1407 demum

869 1468 1128 1547 reperto
1161 1453 1339 1547 prius
1371 1452 1671 1524 volumen
1697 1450 2120 1543 compleatur.

874 1567 1034 1638 cod.
1068 1565 1404 1640 Vossianus
1451 1567 1646 1659 (MSS.
1686 1567 1860 1637 voss.
1892 1565 2032 1636 Lat.
2068 1561 2182 1635 fol.
2211 1576 2306 1631 n⁰.
2341 1565 2454 1633 86.
2487 1560 2685 1632 Catal.

868 1678 1057 1772 ibid.)
1108 1701 1244 1772 quo
1291 1677 1712 1750 continentur
1761 1678 1865 1746 De
1895 1675 2171 1747 Natura
2206 1676 2503 1744 Deorum
2519 1726 2538 1757 ‚
2585 1676 2692 1744 De

869 1794 1312 1883 Divinatione
1326 1842 1344 1874 ,
1394 1789 1639 1879 Topica
1658 1841 1677 1872 ‚
1724 1789 2091 1858 paradoxa
2110 1840 2129 1871 ‚
2174 1790 2502 1857 Lucullus
2518 1840 2537 1871 ‚
2581 1789 2688 1855 De

867 1905 1161 1996 Legibue
1175 1954 1194 1985 ,
1215 1903 1528 1970 Timaeue
1540 1931 1565 1971 .-
1581 1900 2106 1970 membranaceus
2119 1951 2137 1983 ,
2153 1900 2359 1971 forma
2376 1899 2649 1968 maxima
2663 1950 2684 1983 ‚

868 2014 1182 2108 scriptura
1212 2014 1541 2105 aliquanto
1567 2012 1901 2107 grandiori
1935 2036 2129 2106 quam
2171 2013 2457 2105 superior
2484 2012 2648 2081 liber
2662 2063 2682 2096 ,

866 2127 979 2196 sed
1025 2126 1182 2195 item
1242 2149 1397 2219 prae
1458 2138 1775 2195 vetustate
1830 2148 2327 2218 nonnumquam
2378 2125 2681 2196 evanida:

867 2261 1080 2332 neque
1119 2238 1264 2331 plus
1295 2260 1430 2309 uno
1461 2238 1673 2310 seculo
1707 2238 2025 2310 recentior
2056 2238 2168 2310 illo
2197 2252 2312 2309 est.
2401 2237 2688 2331 Scriptus

869 2364 966 2425 est
998 2350 1213 2420 minus
1245 2363 1570 2432 accurate,
1616 2373 1803 2442 saepe
1831 2350 1999 2420 male
2028 2349 2264 2421 iunctis
2294 2363 2411 2420 aut
2443 2349 2688 2420 disiun-

868 2462 989 2536 ctis
1042 2462 1365 2533 vocabulis
1418 2476 1487 2534 et
1532 2462 1894 2549 elementis;
1958 2477 2105 2535 tum
2158 2462 2428 2556 antiqua
2484 2485 2687 2534 manu

868 2589 1227 2647 correctum
1270 2575 1562 2669 neglecta
1591 2575 1749 2646 item
1779 2590 1936 2646 sunt
1966 2599 2384 2670 personarum
2417 2577 2688 2669 loquen-

870 2688 1036 2758 tium
1067 2686 1324 2770 indicia.
1413 2690 1679 2759 Constat
1710 2689 2243 2782 quaternionibus
2269 2693 2496 2774 XXIV,
2518 2713 2690 2782 quo-

869 2824 1018 2871 rum
1044 2800 1278 2893 singuli
1307 2814 1455 2872 octo
1484 2800 1638 2871 folia
1664 2800 1936 2875 habent.
2012 2805 2309 2873 Ceterum
2336 2803 2692 2896 descriptus

869 2937 997 2983 ense
1054 2913 1314 2984 videtur
1374 2938 1413 2986 e
1468 2914 1640 2986 libro
1659 2966 1678 2999 ,
1734 2914 1915 2986 cuius
1966 2916 2420 3008 quaterniones
2465 2916 2692 2986 misere

871 3026 1120 3097 disiecti
1165 3041 1400 3098 essent:
1457 3027 1611 3098 locis
1649 3027 1892 3121 quippe
1927 3028 2219 3120 plurimis
2236 3081 2255 3114 ,
2311 3029 2691 3100 continuata

869 3140 1185 3232 scriptura
1203 3190 1222 3221 ‚
1268 3138 1643 3208 alienissima
1678 3138 2223 3232 interponuntur,
2270 3140 2694 3232 omniumque

870 3251 1032 3321 ordo
1081 3265 1151 3320 et
1192 3250 1381 3319 series
1425 3251 1779 3321 turbantur
1794 3304 1813 3336 ,
1860 3276 2029 3347 quae
2073 3268 2294 3325 tamen
2334 3277 2420 3325 ne
2450 3253 2691 3347 legenti

869 3363 1170 3432 fraudem
1214 3361 1460 3433 faciant
1510 3378 1692 3434 vetus
1734 3387 1964 3435 manus
1989 3366 2062 3435 in
2094 3366 2388 3460 margine
2414 3366 2694 3437 subinde

867 3475 1033 3544 solet
1083 3474 1388 3545 indicare.
1478 3478 1615 3560 Ita,
1679 3490 1758 3546 ut
1804 3479 2094 3571 exemplo
2146 3493 2325 3563 utar,
2371 3479 2484 3550 fol.
2539 3484 2689 3548 166.

871 3611 1049 3658 verso
1086 3587 1185 3657 his
1226 3588 1433 3658 verbis
1464 3589 1604 3660 Lib.
1634 3592 1718 3662 11.
1748 3592 1841 3660 De
1869 3592 2141 3685 Legibus
2169 3614 2310 3684 cap.
2350 3596 2430 3675 2,
2482 3596 2554 3675 4,
2600 3624 2692 3641 -—

874 3703 992 3768 uhi
1055 3702 1407 3791 dieputare
1468 3707 1568 3770 eit
1630 3706 1904 3774 tolituaee
1970 3706 2388 3795 :tudioeeque
2461 3730 2688 3773 eorum

872 3818 1109 3895 etiam,
1171 3814 1510 3885 subiicitur
1553 3818 1655 3886 M.
1693 3818 1917 3886 Tullii
1963 3821 2299 3887 Ciceroni:
2348 3820 2448 3887 De
2479 3820 2687 3888 Divi-

869 3932 1140 4001 natione
1187 3929 1358 3995 liber
1403 3930 1494 3998 II
1536 3931 1851 4019 explicit,
1916 3935 2165 4020 incipit
2217 3933 2520 4017 Timent,
2581 3954 2687 4001 se-

865 4037 1225 4131 quiturque
1252 4039 1358 4110 hic
1390 4041 1667 4125 libellus,
1702 4065 1787 4113 ne
1809 4044 1945 4135 ipse
1964 4044 2230 4135 quidem
2253 4043 2392 4114 sine
2422 4044 2689 4114 turbato

869 4149 1157 4219 locorum
1218 4152 1482 4237 ordine,
1546 4177 1747 4245 usque
1805 4157 1889 4225 ad
1950 4179 2097 4232 eum
2158 4158 2360 4227 finem
2418 4158 2532 4249 qui
2580 4157 2684 4226 edi
