3131 5032
656 486 751 533 xn

655 670 1022 738 indumin-
1079 673 1146 733 ci
1204 668 1389 753 quid.
1490 666 1652 734 ibid.
1705 672 1827 747 62,
1880 682 2079 754 atque
2117 669 2632 736 honoratorum,

655 778 817 850 ibid.
853 781 1160 848 vocabulo
1191 784 1398 845 etiam
1426 777 1522 844 ad
1543 792 1784 846 comm
1816 779 1912 845 ad
1934 778 2237 848 Graecos.
2322 785 2407 848 25
2430 831 2450 862 ,
2498 786 2585 848 62
2609 831 2632 861 ,

653 894 843 961 credo
900 899 978 960 in
1025 897 1388 959 minimam
1437 894 1741 983 (quocum
1809 890 2090 960 conferri
2147 905 2362 983 potest
2411 907 2631 961 nostru
2739 902 2744 905 ’

654 1006 970 1075 correctio
1004 1005 1071 1071 in
1105 1008 1165 1084 Ι,
1200 1009 1275 1086 9,
1313 1009 1423 1071 27.
1452 1003 1634 1092 init.)
1661 1009 1779 1084 26,
1816 1008 1937 1083 65,
1975 1002 2172 1094 (nisi)
2205 1009 2284 1069 ia
2304 1007 2626 1092 publicis.

653 1115 812 1184 ibid.
850 1121 983 1198 66‚-
1009 1118 1110 1208 (ut
1141 1115 1385 1204 scitis).
1470 1121 1552 1181 27
1573 1166 1590 1195 ‚
1631 1121 1753 1195 69,
1786 1116 1898 1181 die
1929 1122 1997 1181 ei
2028 1119 2239 1181 ictam
2274 1121 2630 1182 rationem.

653 1230 743 1296 Ex
774 1227 1118 1305 libr-‚111tio
1148 1228 1338 1295 haec:
1384 1231 1531 1317 cap.
1568 1233 1646 1308 2,
1688 1233 1770 1308 4,
1798 1233 1878 1293 in
1908 1252 2027 1293 eea,-
2055 1230 2259 1294 libris
2292 1229 2447 1294 inde
2477 1242 2636 1295 ante

653 1341 979 1407 diximus.
1055 1340 1214 1407 ibid.
1251 1348 1289 1407 5
1309 1390 1326 1419 ‚
1361 1344 1661 1405 titanum
1677 1342 1868 1429 facit
1898 1364 1931 1405 e
1945 1362 2187 1431 genere
2210 1344 2459 1405 statuit
2489 1364 2633 1405 coc.-

652 1451 797 1518 tu'm
846 1450 1040 1518 semel
1085 1464 1199 1518 aut
1242 1449 1342 1517 bis
1385 1450 1455 1516 in
1494 1450 1723 1518 eodem
1758 1442 2148 1519 libro‘huius
2182 1450 2482 1518 editionis
2512 1473 2628 1519 aue

650 1562 953 1632 ctoritate
1015 1585 1163 1630 usus
1214 1583 1356 1630 sum
1404 1561 1474 1628 in
1533 1561 2014 1646 Annotatione,
2072 1562 2403 1652 appellans
2450 1561 2628 1628 Edit.

652 1687 957 1742 Veterem.
1575 1691 1580 1695 '

741 1788 824 1855 Bt
888 1799 1120 1866 enmt,
1176 1797 1357 1853 certo
1413 1784 1579 1866 scio,
1640 1783 2174 1874 quibus-abuma
2232 1804 2362 1850 me
2409 1783 2633 1861 videar

651 1898 879 1966 charta
899 1948 917 1977 ‚
962 1896 1208 1986 quique
1254 1909 1389 1963 tam
1432 1896 1755 1964 minutam
1795 1910 1865 1963 et
1897 1894 2183 1963 sedulam
2215 1893 2287 1960 in
2323 1894 2629 1963 varianti-

651 2009 776 2077 bus
842 2007 1227 2075 lectionibus
1285 2006 1625 2075 enotandis
1685 2006 2089 2099 diligentiam
2151 2005 2446 2073 inutilem
2497 2028 2632 2074 esse

649 2132 923 2210 putent,
997 2139 1120 2186 nec
1172 2118 1524 2209 quicquam
1592 2117 2113 2209 interpretationi
2190 2117 2626 2207 profuturam.

650 2232 802 2299 Mihi
853 2246 1080 2300 contra
1128 2231 1385 2299 videtur
1433 2231 1531 2298 vix
1582 2230 1930 2321 quicquam
1981 2229 2049 2297 in
2094 2252 2171 2298 eo
2220 2250 2457 2321 genere
2498 2252 2632 2298 csse

650 2344 833 2436 quod
890 2343 1038 2434 quis
1094 2342 1236 2410 iure
1298 2342 1596 2425 omittat3
1658 2364 1955 2433 quaeque
2005 2341 2190 2410 nobis
2237 2340 2508 2410 ridicula
2558 2354 2628 2410 et

650 2456 872 2547 inepta
918 2454 1286 2545 corruptela
1337 2454 1671 2536 videatur,
1718 2476 1792 2522 ea
1825 2454 1968 2522 fieri
1999 2475 2180 2545 posse
2210 2465 2289 2520 ut
2320 2452 2455 2521 aliis
2492 2452 2628 2522 vitii

647 2568 720 2633 in
768 2581 1022 2657 recepta
1074 2566 1354 2634 lectione
1404 2565 1824 2656 suspicionem
1875 2580 2165 2646 moveat3
2228 2565 2631 2656 omninoque

648 2679 775 2746 hoc
813 2676 1124 2767 postulari
1155 2676 1241 2742 ab
1270 2692 1384 2756 eo,
1432 2675 1546 2765 qui
1577 2675 1756 2743 libris
1783 2675 1968 2743 MStis
1997 2687 2222 2742 utatur
2242 2723 2261 2756 ,
2293 2688 2369 2742 ut
2402 2696 2630 2743 eorum

648 2790 971 2881 integram
1005 2787 1257 2879 copiam
1290 2787 1487 2855 faciat
1518 2788 1915 2879 legentibus,
1962 2809 2088 2855 nec
2119 2787 2461 2856 ferendum
2496 2811 2634 2856 csse

650 2922 802 2970 eum
822 2951 840 2981 ,
890 2898 1005 2989 qui
1051 2897 1215 2988 quid
1264 2897 1407 2965 sciri
1459 2899 1829 2980 conveniat,
1876 2899 2042 2988 quid
2087 2899 2366 2990 ignorari
2398 2899 2638 2981 liceat,-

653 3033 770 3081 suo
804 3009 1045 3079 iudicio
1091 3011 1436 3091 decernat,
1501 3033 1633 3079 non
1669 3009 2023 3100 legentium
2070 3011 2340 3079 arbitrio
2371 3026 2440 3079 et
2469 3035 2624 3102 pru·

654 3121 919 3191 dentiae
964 3121 1314 3211 relinquat.

739 3238 821 3301 In
870 3234 1314 3302 Annotatione
1371 3257 1565 3323 quam
1618 3233 1934 3301 rationem
1984 3233 2162 3323 sequi
2218 3234 2622 3317 studuerim,

650 3344 872 3438 paucis
915 3345 1366 3436 explicandum
1413 3359 1526 3412 cst.
1638 3344 1929 3434 Spectavi
1969 3344 2259 3413 universe
2304 3346 2624 3438 interpro-

651 3458 960 3527 tationem
983 3508 1000 3538 ‚
1066 3480 1200 3525 non
1251 3457 1543 3525 omnium
1591 3479 1804 3524 rerum
1822 3508 1839 3539 ,
1886 3457 2000 3524 sed
2033 3480 2251 3525 earum
2270 3507 2289 3538 ‚
2335 3480 2503 3549 quae
2535 3461 2624 3529 ab

647 3569 784 3638 aliis
827 3568 1184 3637 editoribus
1216 3582 1332 3636 aut
1377 3568 1601 3637 relicta
1620 3619 1639 3651 ‚
1686 3582 1803 3636 aut
1830 3591 1967 3638 non
2004 3582 2215 3650 recte,
2263 3591 2408 3637 mco
2440 3569 2618 3638 iudi-

647 3681 786 3764 cio,
835 3680 1281 3749 administrata
1329 3695 1534 3748 erant.
1644 3684 1874 3772 Itaque
1920 3681 1971 3748 si
2013 3682 2163 3749 satis
2205 3704 2440 3772 inagna
2472 3699 2624 3773 pars

647 3792 1101 3861 Annotationis
1134 3791 1497 3860 absumitur
1524 3792 1595 3858 in
1620 3792 2008 3883 explicandis
2039 3793 2427 3874 rationibus,
2465 3795 2630 3886 qui-·

648 3903 774 3972 bus
818 3917 1034 3973 motus
1083 3919 1225 3972 tum
1274 3928 1310 3971 a
1364 3904 1608 3973 Davisio
1657 3919 1726 3972 et
1778 3904 2251 3995 antiquioribus
2268 3957 2285 3985 ,
2350 3921 2492 3975 tum
2534 3910 2618 3976 ab

644 4016 949 4108 ‚Iit-nesto,
1012 4038 1050 4080 a
1117 4014 1508 4096 Goerenzio,
1572 4039 1609 4082 a
1678 4019 1915 4084 Mosero
1979 4029 2045 4082 et
2108 4019 2453 4099 Creuzoeo,
2527 4021 2619 4087 ab

641 4125 876 4194 Orellio
896 4177 910 4204 ,
977 4149 1020 4194 a
1066 4126 1379 4216 Madvigio
1444 4126 1636 4195 etiam
1660 4179 1675 4208 ,
1740 4151 1870 4217 quo
1934 4149 2126 4196 nemo
2187 4129 2436 4198 acutius
2497 4130 2617 4198 11oe
