3131 5032
1137 392 1282 459 Lm.
1326 391 1392 474 1,
1441 395 1560 475 24,
1610 395 1717 459 62.
2270 401 2398 464 4⁵5

442 598 730 681 pennulti
773 603 1160 659 ornaverunt.
1237 595 1355 657 Sed
1389 594 1724 656 Aristotelis
1759 598 2112 659 anctoritate
2142 596 2392 661 dicendi

440 711 760 785 praecepta
809 721 954 762 cnm
1005 700 1334 761 disserendi
1382 707 1511 760 arte
1556 700 2082 779 coniungebantur
2121 702 2273 786 (Fin.
2312 703 2391 782 V,

447 807 519 883 4,
564 804 695 887 102)
727 813 790 867 et
822 806 1123 865 rhetorice
1156 803 1310 864 adeo
1343 823 1477 882 pars
1508 823 1632 864 esse
1665 811 1763 877 τῆς
1795 808 2104 880 πολιτικῆς
2135 806 2393 883 dicitur,

445 909 691 972 Rhetor.
732 909 797 985 1,
849 908 917 983 2,
971 908 1082 968 15.-
1123 905 1281 968 conf.
1331 906 1719 980 Quinctilian.
1769 907 1817 968 1.
1865 908 1932 969 O.
1983 908 2080 984 11,
2142 910 2248 986 17,
2303 909 2399 973 14.

446 1013 521 1075 21
543 1059 562 1090 ,
602 1012 673 1072 3:
717 1011 881 1072 unde
915 1010 1125 1070 similis
1154 1008 1436 1069 transitus
1464 1029 1500 1069 a
1525 1009 1840 1072 dialectica
1872 1019 1934 1071 et
1959 1012 2082 1073 otio
2106 1012 2186 1073 ad
2211 1013 2398 1075 vitam

446 1115 517 1176 in
552 1114 793 1176 civitate
824 1112 1162 1192 degendam
1197 1111 1365 1172 Tusc.
1404 1110 1446 1172 1.
1480 1130 1535 1172 c.

513 1219 669 1299 fusa
720 1218 901 1277 latius
943 1227 1228 1297 perpetua
1283 1214 1572 1297 ονοείοπο)
1668 1214 1830 1275 Bene
1877 1215 2144 1276 vindicat
2197 1218 2315 1278 hoe
2364 1238 2401 1280 a

448 1318 734 1380 Schefl'eri
771 1318 1137 1398 suspicione,
1170 1327 1450 1397 perpetum
1486 1334 1521 1377 a
1558 1317 1747 1395 glossa
1787 1337 1943 1393 esse,
1984 1318 2267 1379 Moserus:
2302 1327 2403 1398 et,

448 1443 529 1483 ne
571 1424 721 1483 alios
765 1440 1090 1480 memorem
1107 1466 1125 1494 ‚
1173 1419 1405 1479 Cortins
1443 1419 1705 1479 ostendit
1745 1428 1908 1480 recte
1952 1420 2076 1481 duo
2110 1421 2408 1484 adiectiva

446 1525 580 1585 sine
620 1524 839 1603 copula
883 1541 1282 1596 concurrere,
1323 1520 1398 1580 ad
1442 1521 1590 1602 Epp.
1636 1522 1714 1581 ad
1758 1521 1891 1583 Div.
1935 1523 2065 1599 111,
2109 1523 2181 1599 4,
2223 1524 2281 1586 4.
2322 1524 2403 1602 V,

455 1626 523 1687 11
547 1674 565 1704 ,
610 1627 665 1687 1.
746 1625 863 1700 Sed
895 1624 1196 1685 notandus
1233 1632 1322 1684 est
1355 1623 1729 1700 Ochsnerns,
1769 1624 1850 1687 ad
1880 1625 2002 1688 Ecl.
2036 1626 2157 1687 Cic.
2189 1646 2249 1705 p.
2290 1627 2405 1705 47,

447 1749 569 1791 non
627 1737 764 1809 apte
814 1728 1119 1807 explicans
1180 1726 1331 1806 quid
1383 1727 1462 1787 sit
1498 1729 1655 1808 fusa
1718 1731 1906 1788 oratio
1923 1774 1942 1807 ,
1999 1750 2193 1809 quum
2243 1730 2410 1791 haud

444 1835 642 1894 multo
669 1832 919 1892 meliora
944 1830 1240 1890 docuisset
1270 1829 1661 1890 Schntzianus
1692 1829 1903 1892 Index.
1984 1832 2141 1892 Fuso
2169 1833 2412 1894 dicendi

440 1956 651 2020 genere
703 1934 813 2014 qui
866 1935 1059 1994 utitur
1074 1978 1092 2007 ,
1153 1952 1275 1992 non
1318 1932 1427 1992 ille
1476 1932 1726 2012 quidem
1784 1933 2035 2014 negligit
2075 1936 2407 1997 sententiae

447 2037 1014 2101 demonstrationem
1031 2081 1050 2111 ,
1090 2035 1194 2096 sed
1230 2035 1480 2096 liberior
1515 2044 1604 2096 est
1638 2036 1704 2094 in
1738 2037 2049 2113 ornandis,
2091 2038 2410 2118 disponen-

449 2142 574 2218 dis,
632 2139 955 2201 dilatandis
998 2139 1394 2217 argumentis,
1449 2138 1833 2218 maximeque
1879 2140 2231 2201 reformidat
2270 2160 2410 2202 con·

449 2245 652 2305 clusae
697 2242 944 2304 rationis
981 2242 1355 2322 asperitatem
1392 2241 1762 2302 continuam.
1846 2241 2040 2321 Igitur
2073 2264 2197 2304 non
2231 2265 2414 2324 oppo-

450 2348 622 2407 nitur
681 2346 830 2406 hnic
876 2366 1116 2426 pressus
1182 2350 1382 2405 orator
1397 2387 1415 2418 ,
1487 2341 1671 2424 (qnae
1734 2344 1866 2404 laus
1923 2344 2413 2424 diligentissimae

449 2448 969 2511 demonstrationis
986 2494 1002 2525 ,
1059 2447 1163 2508 sed
1218 2455 1421 2506 tamen
1475 2446 1770 2508 oratoriae
1785 2491 1804 2525 ,
1855 2448 2148 2510 tribuitur
2197 2450 2408 2512 Demo·

450 2551 649 2613 stheni
702 2550 770 2609 in
819 2544 1269 2627 Ctesiphontea,
1328 2546 1487 2608 Orat.
1544 2545 1616 2623 8,
1675 2547 1814 2628 26),
1872 2569 2074 2630 neque
2134 2552 2409 2631 subtilis,

449 2668 693 2725 aeuus,
751 2655 944 2714 brevic
986 2651 1169 2735 (qnae
1219 2649 1439 2711 Pericli
1489 2651 1878 2728 tribuuntur,
1929 2653 2089 2715 Orat.
2138 2654 2235 2731 11,
2287 2656 2405 2733 22,

452 2757 532 2820 93
551 2804 570 2833 ,
625 2775 931 2836 quemque
979 2755 1161 2813 latius
1213 2764 1269 2812 et
1315 2754 1613 2832 copiosius
1661 2751 1882 2813 dixisse
1919 2753 2104 2814 tradit
2136 2754 2294 2816 Orat.
2332 2756 2372 2817 4
2387 2803 2407 2835 ,

458 2858 534 2919 14
551 2904 569 2934 ,
608 2857 722 2939 sq.)
757 2856 860 2917 sed
905 2856 1237 2935 disputator
1279 2853 1539 2929 Stoicus,
1586 2854 1846 2934 qualem}
1874 2856 1940 2913 in
1987 2854 2256 2919 Prooem.
2306 2858 2410 2921 Pa·

452 2960 658 3022 radox.
708 2958 991 3020 describit
1044 2958 1284 3018 Cicero:
1343 2957 1503 3019 cons.
1556 2956 1715 3018 Orat.
1763 2957 1864 3033 11,
1904 2956 2014 3034 38,
2062 2957 2195 3021 159.
2242 2960 2404 3024 Orat.

451 3064 533 3126 32
551 3110 569 3140 ,
615 3061 750 3123 113.

506 3176 832 3249 praecepte
869 3163 1080 3224 :abab
1118 3174 1175 3223 st
1220 3159 1440 3243 laudis)
1519 3160 1767 3222 Summo
1804 3161 1939 3223 inre
1969 3161 2274 3225 Davisium
2310 3186 2405 3226 re·

444 3269 772 3352 prehendit
820 3267 1076 3328 Moserns
1089 3311 1108 3341 ,
1155 3264 1557 3345 corrigentem
1609 3266 1821 3326 salutis
1865 3278 1922 3326 et
1961 3287 2129 3328 voces
2146 3315 2164 3344 ‚
2205 3277 2267 3328 et
2301 3269 2404 3329 Er·

443 3383 681 3437 nestum
733 3372 986 3432 miratur
1004 3417 1023 3446 ,
1082 3369 1247 3449 quod
1297 3368 1492 3429 landis
1541 3369 1835 3449 recepisse
1883 3389 1946 3430 se
1996 3371 2157 3431 dicat
2173 3418 2191 3447 ,
2247 3372 2398 3434 dum

445 3478 666 3538 melius
689 3475 842 3556 qnid
867 3473 1234 3534 inveniatur.
1314 3469 1429 3533 Sed
1461 3472 1587 3552 ipse
1621 3472 1849 3532 laudam
1879 3493 2192 3553 perperam
2216 3475 2402 3536 inter.

444 3585 752 3659 pretatur,
808 3596 938 3637 rem
988 3575 1353 3637 laudabilem
1377 3619 1396 3652 ,
1449 3583 1511 3635 et
1565 3576 1870 3637 virtutem.
1964 3575 2066 3638 Est
2121 3577 2230 3638 ubi
2279 3579 2398 3641 boo

445 3679 669 3742 valeat:
726 3698 894 3740 nunc
940 3678 1191 3758 quidem
1255 3679 1385 3740 laus
1433 3677 1648 3739 eadem
1699 3677 1828 3739 fere
1893 3698 2047 3760 quae
2099 3680 2358 3761 dignitas
2376 3729 2396 3759 ,

442 3782 669 3844 honor:
710 3801 910 3861 neque
959 3780 1081 3842 alio
1123 3780 1305 3842 modo
1349 3800 1493 3842 cnm
1527 3782 1741 3842 salutis
1768 3783 2075 3844 mentione
2106 3786 2395 3866 coniungi

443 3893 694 3966 poterat.
798 3884 1033 3964 Duplex
1094 3885 1280 3965 igitur
1339 3893 1798 3965 praeceptorum
1865 3906 2054 3965 genus
2108 3889 2356 3965 ponitur
2375 3934 2394 3964 ‚

442 4008 706 4073 qnorum
759 3988 1019 4049 alterum
1059 4006 1134 4048 eo
1175 3986 1501 4066 pertineret
1520 4033 1538 4063 ,
1588 4006 1712 4068 quo
1756 3986 1896 4067 quis
1936 3986 2116 4048 modo
2147 3989 2394 4049 salutem

444 4092 780 4167 obtineret,
822 4091 864 4153 i.
896 4112 952 4153 e.
986 4099 1249 4152 servaret
1296 4112 1366 4152 ac
1406 4090 1760 4153 defenderet
1806 4112 1869 4151 se
1914 4090 1980 4150 in
2016 4111 2082 4151 re
2116 4089 2391 4170 publica:
