3131 5032
1352 446 1484 519 159

392 651 742 724 ominibusque
766 655 855 707 11.
884 653 976 707 65.

393 749 640 802 omnibus
668 748 807 816 quod
829 749 917 799 89.

392 853 571 894 natura
638 857 758 893 euos
821 843 1123 893 oouiuuetoa
1181 837 1387 892 duxerit

464 935 550 986 11.
584 935 670 985 39.
706 933 831 985 127.

392 1027 650 1097 receperit
674 1026 764 1078 10.

395 1120 657 1171 exacuerit
688 1118 733 1169 A
750 1117 787 1168 Β
805 1114 848 1169 C
865 1116 908 1168 l)
927 1117 968 1169 B
986 1116 1073 1169 11.
1088 1115 1176 1168 47.
1191 1116 1276 1167 48.
1295 1116 1383 1168 58.

464 1212 554 1263 65.
583 1210 670 1260 96.
699 1208 816 1260 120.
849 1207 968 1264 122.
986 1207 1105 1259 124.
1124 1207 1243 1259 126.
1262 1207 1381 1262 127.

396 1301 463 1353 eit
488 1300 694 1369 ingenii
727 1317 761 1347 α
794 1299 879 1352 10.

394 1402 449 1445 et
476 1392 679 1460 ingenii
704 1389 840 1441 aeiea
865 1389 953 1443 10.

396 1481 665 1552 diligenda
697 1480 762 1532 l).

396 1572 675 1643 deligend.
692 1573 776 1624 47.
789 1557 1390 1625 48.12o.122.124.128.

396 1666 682 1718 reverentia
710 1663 957 1715 contraria
985 1662 1074 1714 58.

394 1757 652 1828 appellata
677 1755 948 1826 prudentia
979 1768 1057 1805 est
1085 1752 1175 1805 10.

394 1848 719 1919 providentia
750 1847 837 1899 65.

396 1940 536 2010 quod
566 1956 629 1991 eo
657 1940 745 1991 58.

394 2031 524 2101 quid
555 2031 622 2082 de
652 2047 715 2082 eo
742 2029 828 2081 89.

395 2121 525 2191 quid
551 2137 673 2173 vero
699 2120 804 2171 diei
833 2119 898 2173 D.

395 2231 610 2340 agitari
644 2289 699 2335 γ.

399 2393 673 2460 excogitari
704 2390 793 2442 47.
821 2389 945 2442 122.

398 2484 624 2552 cogitare
652 2484 743 2535 58.

398 2576 624 2644 potuerit
648 2574 688 2626 E
721 2593 755 2624 α
788 2592 821 2639 r
848 2572 935 2624 10.
966 2572 1058 2625 89.

824 2710 856 2777 §
894 2711 980 2763 ει.

404 2848 682 2916 eidemque
725 2862 847 2897 cum
891 2845 936 2896 A
967 2845 1004 2896 Β
1032 2843 1075 2895 D
1106 2845 1146 2895 B
1192 2845 1278 2896 10.
1306 2845 1396 2905 11.

426 2972 433 2977 -
473 2938 563 2989 89.
592 2941 679 2989 58.
705 2937 793 2989 65.
823 2936 910 2988 96.

404 3038 668 3097 terraeque
698 3027 856 3077 maria
886 3044 944 3077 α.

408 3131 643 3188 terraque
677 3120 940 3187 mariaque
965 3114 1059 3170 ’10.

406 3229 579 3264 rerum
604 3217 949 3281 omniumque
982 3210 1027 3261 A
1056 3210 1094 3260 B
1124 3209 1165 3261 Ε
1193 3209 1280 3262 11.
1310 3210 1396 3261 47.

407 3306 747 3373 omniumque
786 3319 959 3355 rerum
993 3303 1078 3354 65.
1122 3301 1244 3354 122.
1272 3303 1397 3354 127.

410 3395 700 3464 (omnium)
736 3414 786 3447 ε.

408 3498 743 3555 naturamque
779 3485 844 3538 E.

406 3580 727 3647 perspexerit
741 3592 809 3629 ex
823 3592 928 3644 quo
937 3574 1076 3626 unde
1088 3584 1327 3644 generata
1345 3592 1400 3627 α.

408 3685 514 3737 quo
542 3685 717 3720 ηοω-ι
748 3667 810 3719 Β.

409 3768 649 3827 generata
674 3774 781 3826 quo
810 3757 1035 3809 reditura
1065 3757 1182 3809 124.
1212 3757 1334 3810 126.

414 3847 674 3917 (quando)
705 3848 792 3900 10.

411 3940 472 3989 in
529 3939 596 3988 iia
651 3936 688 3987 Β
742 3937 828 3988 89.
871 3937 956 3988 47.
1013 3937 1101 3990 48.
1148 3938 1235 3992 96.
1283 3937 1403 3991 120.

483 4026 607 4080 122.
637 4025 760 4080 124.
793 4026 910 4081 126.
942 4027 1063 4081 127.

414 4121 471 4170 in
504 4120 548 4170 ia
578 4117 641 4172 C.
965 4123 983 4140 ⁶

414 4212 469 4262 in
499 4210 585 4262 hic
614 4209 679 4263 D.

1442 651 1733 722 videritque
1766 653 1940 725 ipsum
1968 659 2032 711 D.

1443 744 1741 797 moderante
1770 759 1820 799 et
1853 762 2063 820 regente
2095 754 2180 806 10.

1442 834 1601 903 plene
1633 836 2036 905 deprehenderit
2063 862 2120 896 α.

1444 927 1601 997 plene
1637 929 1945 998 dependerit
1974 934 2061 986 10.

1443 1019 1777 1090 prehenderit
1808 1022 1849 1073 1)
1880 1044 1904 1073 e
1936 1025 2024 1078 47.
2052 1027 2137 1079 48.
2166 1028 2286 1082 120.
2316 1029 2437 1084 122.

1514 1113 1635 1164 124.
1665 1113 1786 1165 126.
1819 1114 1938 1167 127.

1445 1203 1888 1274 prehenderitque
1919 1215 1961 1268 β
1994 1227 2050 1275 γ.

1449 1295 1839 1365 reprehenderit
1867 1299 1955 1351 96.

1448 1404 1664 1457 seseque
1708 1393 2021 1441 uon·omuie
2064 1393 2438 1450 circumdatum

1517 1480 1792 1531 moenibus
1819 1481 2064 1550 populere
2091 1483 2311 1538 alieuius
2340 1487 2442 1541 de-

1518 1568 1694 1621 finitio
1719 1570 1846 1623 loeis
1870 1583 1922 1623 et
1946 1575 2114 1625 civem
2142 1576 2187 1627 A
2214 1577 2272 1628 Β.

1447 1660 1753 1730 popularem
1787 1662 2005 1713 alicuine
2036 1665 2137 1716 loci
2164 1675 2226 1729 β.

1449 1768 1556 1804 non
1580 1751 1811 1804 hominis
1834 1755 2203 1808 circumdatum
2232 1761 2447 1812 moeni-

1517 1842 1615 1894 bus
1643 1843 1946 1913 popularem
1987 1847 2206 1901 alieuius
2237 1849 2447 1905 definiti

1518 1933 1620 1984 loci
1652 1934 1743 1986 aed
1773 1937 1941 1987 civem
1974 1937 2017 1990 C
2048 1937 2110 1991 Β.
2144 1940 2281 2008 (m'ei
2308 1944 2451 2011 quod

1514 2023 1760 2076 diffinitis
1792 2025 1969 2094 loeis.)

1450 2115 1726 2166 moenibus
1752 2118 2060 2187 popularem
2094 2121 2313 2177 alieuius
2341 2125 2444 2180 loci

1524 2206 1615 2257 aed
1648 2206 1710 2257 D.

1451 2297 1698 2348 menibus
1760 2300 2167 2371 popularemque
2228 2307 2449 2365 alieuius

1522 2388 1735 2440 definiti
1773 2391 1869 2440 loci
1912 2393 2003 2444 eed
2032 2396 2202 2449 civem
2234 2418 2271 2449 α
2303 2420 2350 2453 c.

1454 2483 1622 2533 unius
1660 2499 1694 2530 α
1731 2483 1924 2551 (marg.
1964 2487 2135 2558 unia).

1454 2576 1631 2626 minua
1657 2577 2032 2637 eimumdatum
2061 2582 2149 2637 10.

1454 2667 1616 2717 nimia
1644 2667 1765 2718 cire.
1797 2669 1883 2721 96.

1453 2757 1626 2806 omnis
1657 2738 1780 2809 cites
1809 2759 1898 2812 11.
1927 2761 2017 2814 65.

1453 2855 1610 2900 unius
1640 2851 1762 2900 cire.
1792 2849 1878 2901 39.

1454 2939 1736 2990 moenibus
1777 2940 2087 3008 populorum
2117 2943 2340 3000 alieuius
2364 2950 2455 3003 47.

1525 3030 1611 3081 48.
1670 3030 1758 3083 58.
1819 3030 1939 3082 120.
1999 3033 2117 3086 122.
2162 3037 2282 3089 124.
2334 3040 2454 3093 126.

1535 3121 1658 3172 127.

1456 3227 1632 3263 moen.
1700 3212 1948 3281 populere

1526 3303 1614 3352 11.
1645 3302 1736 3355 65.

1459 3410 1635 3445 moen.
1700 3411 1807 3445 nou
1867 3395 2182 3464 populorum
2231 3401 2454 3458 alieuius

1528 3485 1629 3536 loe!
1659 3485 1748 3536 96.

1462 3574 1685 3626 alicuius
1713 3574 1920 3627 definiti
1951 3578 2049 3630 loci
2082 3582 2170 3635 48.
2195 3584 2315 3638 120.
2341 3587 2460 3643 122.

1535 3666 1655 3718 124.
1703 3665 1820 3717 126.
1851 3667 1975 3720 127.

1464 3774 1623 3824 aeque
1658 3758 1828 3809 oivem
1863 3759 1947 3811 10.

1462 3858 1515 3899 et
1546 3850 1718 3900 civem
1748 3850 1834 3900 11.
1871 3851 1959 3902 65.

1463 3941 1728 3991 amoverit
1760 3938 1817 3989 B.

1462 4032 1764 4100 cognoverit
1794 4047 1850 4082 α.

2018 3215 2263 3271 definitio
2328 3220 2457 3275 loeis

1462 4123 1598 4176 hane
1628 4123 1721 4175 ille
1750 4142 1805 4189 γ.

1468 4212 1649 4284 (atque
1685 4231 1742 4266 m
1770 4212 1896 4279 hoc)
1929 4214 2016 4267 58.
