3131 5032
1661 446 1756 519 96

576 674 664 731 30.
741 661 979 736 bonos
1024 662 1329 736 salutem
1375 688 1419 736 a
1463 660 1676 733 bonis
1732 664 1972 760 potuit
2022 658 2302 735 afferre.
2414 668 2589 739 Uno.
2619 671 2697 740 in

736 806 1005 881 genere
1038 782 1350 881 relinqui
1375 780 1758 855 videbatur
1782 784 1976 854 vocis
2005 781 2463 882 suffragium,
2495 787 2697 884 quod

733 907 891 1004 ipse
918 907 1200 978 Cassius
1236 917 1643 1003 exceperat,
1691 899 2237 1003 perduellionis:
2287 904 2700 982 dedit-huic

731 1047 1038 1122 quoque
1092 1022 1361 1096 iudicio
1415 1027 1493 1095 C.
1543 1021 1832 1095 Coelius
1882 1022 2216 1097 tabellam
2230 1075 2252 1114 ,
2308 1023 2694 1125 doluitque

728 1142 977 1242 quoad
1021 1146 1199 1216 vixit
1244 1164 1354 1234 se,
1399 1155 1485 1214 ut
1529 1144 1974 1242 opprimeret
2008 1146 2086 1214 C.
2122 1143 2514 1243 Popilium,
2559 1169 2694 1218 nov

729 1266 967 1336 cuisse
997 1266 1104 1336 rei
1140 1261 1495 1362 publioee.
1594 1266 1683 1334 Et
1725 1286 1898 1335 avus
1933 1261 2230 1361 quidem
2266 1278 2517 1337 noster
2549 1268 2693 1337 sin·

727 1381 962 1482 gulari
997 1384 1265 1453 virtute
1295 1383 1373 1451 in
1406 1377 1549 1453 hoc
1575 1382 1972 1481 municipio
1999 1379 2244 1479 quoad
2274 1385 2453 1454 vixit
2484 1386 2691 1455 resti·

728 1504 842 1574 tit
866 1503 964 1572 M.
1010 1499 1374 1588 Gratidio,
1424 1500 1632 1570 cuius
1677 1501 1754 1569 in
1816 1501 2277 1570 matrimonio
2324 1522 2688 1593 sororem,

725 1621 959 1695 aviam
1003 1633 1324 1692 nostram
1343 1670 1365 1709 ,
1408 1616 1757 1708 habebat,
1808 1615 2072 1690 ferenti
2117 1616 2352 1716 legem
2393 1616 2689 1692 tabella-

726 1741 940 1812 riam:
981 1735 1336 1810 excitabat
1366 1738 1565 1809 enim
1593 1733 1807 1807 fletus
1831 1744 1857 1784 ¹
1897 1738 1970 1806 in
2011 1734 2360 1835 simpulo,
2392 1750 2476 1809 ut
2514 1736 2692 1811 dici-

727 1871 888 1948 tur,
947 1854 1345 1946 Gratidius,
1394 1876 1583 1950 quos
1628 1864 1793 1952 post
1842 1849 2037 1924 filius
2082 1855 2237 1926 eius
2262 1859 2291 1899 ²
2337 1858 2412 1926 in
2445 1860 2689 1955 Aegeo

726 1978 1065 2050 excitavit
1105 1978 1309 2048 mari.
1405 1976 1511 2045 Ac
1548 1986 1803 2045 nostro
1845 1970 2181 2070 quidem,
2230 1978 2362 2071 qui
2394 1982 2420 2022 ⁸
2454 2000 2689 2074 quum

728 2120 846 2169 res
883 2109 1074 2168 esset
1101 2092 1195 2168 ad
1230 2118 1309 2166 se
1343 2090 1607 2183 delata,
1658 2095 1757 2164 M.
1783 2107 1812 2149 ⁸
1854 2096 2163 2166 Scaurus
2196 2094 2480 2187 consul,
2528 2100 2687 2170 Uti-

726 2239 1043 2313 namque
1079 2231 1144 2305 ⁸,
1191 2215 1466 2310 inquit,
1515 2215 1615 2285 M.
1660 2214 1952 2303 Cicero,
2001 2215 2142 2284 isto
2184 2216 2428 2287 animo
2462 2229 2685 2314 atque

730 2341 1001 2410 virtute
1044 2338 1122 2407 in
1171 2357 1452 2406 summa
1504 2356 1584 2404 re
1631 2331 1922 2431 publica
1964 2331 2349 2406 nobiscum
2385 2340 2682 2429 versari,

562 2473 653 2530 ³⁷.
729 2479 950 2556 quam
981 2458 1056 2527 in
1081 2451 1494 2554 municipali
1520 2449 1915 2525 maluisses!
1946 2450 2441 2543 Quamobrem
2456 2506 2478 2546 ,
2497 2479 2683 2553 quo÷

728 2581 922 2651 niam
966 2600 1118 2649 non
1163 2574 1748 2672 recognoscimus
1791 2595 1990 2643 nuno
2035 2571 2226 2672 leges
2260 2575 2514 2675 populi
2541 2582 2683 2652 Ro-

719 2701 957 2789 mani,
1007 2693 1136 2770 sed
1170 2706 1296 2768 aut
1328 2695 1723 2793 repetimus
1755 2706 2070 2791 ereptas»,
2104 2708 2228 2766 aut
2262 2718 2482 2769 novas
2514 2703 2683 2772 scri·

724 2815 1001 2908 bimus,
1035 2841 1185 2890 non
1215 2813 1395 2912 quid
1426 2811 1572 2885 hoc
1600 2810 1876 2912 populo
1909 2809 2223 2885 obtineri
2260 2818 2516 2914 possit,
2553 2818 2682 2892 sed

726 2937 908 3038 quid
970 2939 1329 3038 optimum
1387 2936 1477 3005 sit
1535 2930 1674 3004 tibi
1730 2930 2119 3005 dicendum
2180 2945 2383 3031 puto.
2494 2941 2680 3011 Nam

723 3061 1001 3131 Cassiae
1052 3056 1228 3154 legis
1286 3053 1572 3152 culpam
1618 3054 1859 3151 Scipio
1905 3066 2075 3123 tuus
2124 3056 2463 3147 sustinet,
2524 3082 2680 3155 quo

723 3191 1025 3251 auctore
1053 3175 1197 3248 lata
1241 3197 1391 3245 esse
1423 3171 1710 3243 dicitur.
1808 3174 1917 3243 Tu
1942 3174 2003 3242 si
2032 3171 2469 3249 tabellariam
2499 3176 2682 3251 tule—

725 3299 854 3387 ris,
902 3298 1058 3395 ipse
1102 3289 1528 3393 praestabis:
1577 3313 1717 3362 nec
1759 3293 1952 3365 enim
1999 3288 2182 3363 mihi
2225 3293 2493 3393 placet,
2544 3320 2681 3372 nec

723 3418 966 3488 Attico
1017 3426 1307 3502 nostro,
1357 3425 1714 3507 quantum
1769 3433 1811 3485 e
1865 3409 2069 3483 vultu
2125 3414 2279 3485 eius
2330 3415 2676 3516 intelligo.

485 3556 654 3615 xm.
723 3539 868 3608 Att.
913 3531 1097 3605 Mihi
1138 3555 1312 3604 vero
1359 3527 1543 3602 nihil
1582 3555 1935 3628 umquam
1983 3526 2333 3631 populare
2374 3535 2678 3634 placuit:

726 3676 1034 3752 eamque
1056 3654 1404 3751 optimam
1432 3674 1588 3723 rem
1612 3649 1975 3750 publicam
2001 3675 2155 3725 esse
2182 3651 2349 3725 dico
2368 3668 2429 3746 ⁸,
2455 3681 2677 3756 quam

726 3774 850 3846 hic
898 3768 1152 3845 consul
1204 3772 1709 3861 constituerat,
1759 3793 1947 3867 quae
1997 3773 2091 3844 sit
2134 3774 2206 3843 in
2247 3787 2678 3873 potestatem

724 3898 1195 3996 optimorum.

793 4166 813 4204 ι
846 4160 1054 4216 fluetus,
1102 4161 1127 4202 ⁸
1152 4157 1492 4219 cinola-ius.
1541 4158 1826 4227 ton-‚qui-
1874 4158 2107 4215 *on-1.
2159 4166 2447 4235 ‘om-que.
2494 4165 2696 4222 ‘duco-
