3131 5032
687 424 815 491 272
1417 424 1557 492 Lm.
1608 423 1677 507 1,
1739 429 1801 499 Ι,
1853 429 1913 492 3.

681 632 1076 694 tribuendum
1111 651 1234 691 esse
1265 631 1528 691 librariis
1545 679 1563 708 ,
1605 632 1852 710 colligas
1891 651 1966 691 ex
2000 632 2074 690 iis
2104 650 2262 712 quae
2299 634 2365 692 in
2398 654 2651 715 sequen·

679 738 840 797 tibus
872 736 1187 796 dicuntur:
1229 738 1577 796 interiectus
1611 746 1697 794 est
1731 738 1911 795 etiam
1947 756 2136 816 nuper
2169 737 2320 795 liber
2350 739 2405 797 is
2421 785 2440 814 ,
2481 761 2652 819 quem

678 842 759 900 ad
800 852 1062 899 nostrum
1113 840 1385 900 Atticum
1428 838 1498 897 de
1530 849 1822 898 senectute
1869 841 2171 899 misimus:
2213 860 2355 900 nam
2390 842 2467 901 ab
2501 844 2651 922 opti·

676 944 793 1002 inis
834 942 1018 1003 Codd.
1067 942 1230 1002 abest
1270 942 1450 1017 liber,
1492 941 1559 999 in
1598 961 1718 1000 uno
1763 948 1850 1000 est
1895 943 1952 1001 is
1995 943 2170 1001 liber:
2214 951 2346 1003 tum
2389 964 2647 1006 commo·
2708 976 2718 985 -

676 1045 915 1106 dissime
948 1045 1313 1123 intelligitur
1348 1063 1423 1104 ex
1458 1043 1774 1104 antecedd.
1858 1044 1957 1104 Sic
1985 1044 2063 1103 ad
2097 1047 2219 1108 Att.
2255 1047 2401 1124 ΧΠ,
2437 1047 2542 1125 14,
2576 1049 2649 1110 3:

659 1153 800 1232 feci
817 1197 836 1226 ,
877 1151 1034 1229 quod
1065 1162 1201 1209 ante
1233 1170 1323 1208 me
1361 1169 1532 1206 nemo
1552 1194 1570 1223 ,
1613 1158 1681 1207 ut
1716 1149 1841 1227 ipse
1882 1170 1971 1207 me
1996 1170 2110 1229 per
2140 1150 2342 1209 literas
2379 1154 2646 1212 consola·

671 1275 796 1314 rer:
838 1274 1009 1333 quem
1051 1254 1267 1312 librum
1306 1252 1385 1310 ad
1430 1263 1484 1310 te
1525 1253 1775 1311 mittam.
1803 1285 1886 1299 —-
1921 1252 2207 1326 Accedit,
2249 1254 2414 1332 quod
2448 1254 2513 1312 in
2550 1273 2646 1314 ve·

672 1354 995 1416 t'iistissimo
1046 1363 1109 1414 et
1160 1353 1663 1433 praestantissimo
1712 1353 1992 1415 vossiano
2040 1354 2120 1416 84
2170 1355 2419 1438 (Mosero
2471 1359 2536 1417 L.
2584 1356 2647 1438 a)

670 1469 942 1521 servatur
992 1459 1173 1518 lectio
1223 1458 1439 1538 quihus
1479 1458 1650 1516 rebus
1684 1458 1896 1516 editis:
1937 1478 2095 1538 quae
2130 1459 2284 1518 mihi
2324 1481 2445 1521 non
2483 1460 2646 1520 eius-

670 1563 839 1624 modi
885 1561 1206 1623 auctoritas
1249 1568 1371 1635 est,
1413 1568 1483 1619 ut
1515 1560 1673 1620 hanc
1709 1579 1855 1638 prae
1894 1562 2080 1621 altera
2118 1563 2379 1624 lectione
2412 1564 2644 1644 praefe-

670 1668 924 1727 rendam
977 1666 1226 1739 ducam,
1286 1663 1392 1723 sed
1447 1672 1513 1722 ut
1570 1671 1891 1742 utramque
1941 1664 2391 1745 interpolationi
2436 1669 2646 1728 deberi

670 1779 914 1850 putem,
976 1769 1042 1828 id
1096 1768 1263 1848 quod
1316 1787 1439 1828 non
1482 1767 1666 1826 sensit
1700 1767 1766 1827 11.
1804 1767 2061 1843 Alanus,
2097 1789 2367 1848 nuperus
2400 1771 2645 1831 illorum

671 1876 969 1934 librorum
1026 1872 1223 1931 editor
1276 1868 1561 1951 (Londini
1615 1867 1816 1951 1839.)
1913 1872 2172 1931 Omnino
2229 1875 2448 1952 scripta
2504 1884 2645 1936 sunt

671 1977 778 2036 illa
832 1997 863 2034 a
916 1975 1204 2034 Cicerone
1249 1973 1367 2032 hoc
1419 1992 1626 2031 sensu:
1670 1994 1820 2051 quae
1873 1995 2057 2052 quum
2098 1975 2444 2059 edidissem,
2485 1997 2644 2053 non,

670 2100 814 2159 quos
851 2078 1029 2137 libros
1074 2075 1309 2134 Tuscul.
1348 2076 1565 2154 disput.
1600 2096 1780 2154 quum
1816 2077 2147 2138 edidissem.
2230 2079 2524 2158 Apertum
2556 2089 2645 2140 est

668 2183 936 2261 primum
962 2178 1133 2257 quasi
1161 2196 1381 2256 corpus
1406 2178 1701 2238 librorum
1732 2181 2032 2239 contineri
2063 2181 2161 2255 iis,
2194 2182 2303 2261 qui
2334 2183 2411 2242 ad
2436 2184 2639 2244 locum

668 2284 745 2343 de
797 2301 976 2355 vero,
1034 2288 1166 2338 tum
1212 2278 1289 2339 ad
1342 2297 1486 2338 eum
1536 2278 1616 2338 de
1668 2280 1938 2340 moribus
1987 2280 2361 2360 pertinebat:
2426 2285 2640 2362 quihus

667 2388 844 2446 editis
877 2383 1067 2445 secuti
1099 2391 1237 2441 sunt
1273 2382 1578 2461 quinque,
1626 2383 1733 2460 qui
1765 2383 1843 2443 ad
1882 2383 2186 2463 physicam
2226 2388 2637 2465 quaestionem

667 2489 1103 2553 referebantur.
1186 2485 1397 2566 Neque
1431 2484 1594 2545 edere
1630 2487 1805 2565 quid,
1839 2507 1951 2567 pro
1984 2507 2283 2568 exponere
2321 2488 2400 2550 de
2435 2490 2639 2569 aliqua

667 2613 734 2654 re
796 2599 856 2652 et
918 2588 1280 2649 sententiam
1353 2586 1557 2647 dicere
1577 2633 1596 2663 ,
1656 2588 1984 2668 improbari
2048 2591 2359 2670 oportebat
2404 2613 2440 2652 a
2495 2592 2637 2651 viris

666 2696 859 2757 doctis
890 2700 1137 2773 propter
1165 2690 1371 2751 nescio
1402 2711 1586 2771 quem
1622 2692 1926 2754 delectum
1961 2695 2029 2754 in
2064 2696 2275 2756 lndice
2305 2697 2636 2760 ErnestinO.

667 2801 905 2861 Crassus
957 2804 1155 2871 certe,
1216 2794 1376 2854 orat.
1427 2795 1556 2870 111,
1619 2796 1729 2871 61,
1790 2796 1942 2872 228,
2002 2799 2192 2875 edidi,
2237 2822 2387 2879 quae
2419 2803 2635 2882 potui.-

667 2902 736 2965 cf
764 2901 912 2961 ibid.
949 2899 1049 2975 11,
1091 2897 1205 2973 80,
1246 2896 1401 2957 325:
1443 2897 1626 2975 Legg.
1664 2895 1731 2973 1,
1774 2897 1844 2973 2,
1887 2898 1944 2974 7,
1990 2902 2100 2979 qui
2142 2902 2403 2961 nondum
2447 2902 2637 2963 edide-

665 3017 833 3081 rum,
868 3004 946 3063 de
977 2999 1303 3061 historicis:
1323 2999 1489 3060 Brut.
1520 3003 1586 3074 5,
1620 2999 1728 3059 20:
1760 2999 1860 3060 ede
1891 3002 2001 3061 illa
2018 3048 2037 3078 ,
2068 3025 2218 3083 quae
2250 3026 2637 3082 coeperas.-

665 3110 798 3170 Non
848 3106 1149 3166 dimittam
1201 3102 1371 3162 illam
1418 3103 1484 3161 in
1529 3101 1742 3162 Moseri
1773 3102 2043 3165 editione
2075 3107 2526 3168 annotationem
2558 3107 2636 3167 ad

666 3211 864 3272 Divin.
910 3211 952 3270 l.
1000 3228 1055 3269 c.
1076 3254 1093 3284 ,
1133 3214 1460 3286 antequam
1501 3208 1987 3270 animadvertero
2017 3228 2235 3289 parum
2267 3221 2444 3273 caute
2468 3233 2632 3292 prae-

665 3317 871 3396 cipere
895 3331 1065 3387 eum,
1089 3330 1283 3390 quum
1300 3309 1738 3370 Frandsenium
1766 3314 2190 3392 reprehendit,
2218 3317 2384 3395 quod
2406 3317 2633 3378 librum

666 3437 844 3478 suum
879 3415 1240 3493 Haruspices
1269 3412 1688 3491 inscripsisset,
1732 3435 1851 3475 non
1884 3417 1953 3474 de
1979 3418 2435 3499 Haruspicihus.
2476 3420 2635 3495 Quid

665 3521 831 3581 enim
882 3517 1175 3578 faciemus
1226 3515 1503 3576 Ciceroni
1557 3517 1705 3596 ipsi,
1762 3519 1871 3597 qui
1922 3539 2101 3579 suum
2151 3522 2521 3600 peculiarem
2561 3523 2632 3582 li-

662 3625 844 3683 brum
897 3621 1230 3695 Oratorem,
1288 3639 1412 3680 non
1462 3620 1531 3678 de
1592 3621 1830 3680 Oratore
1881 3623 2251 3701 appellavit?
2309 3626 2398 3686 Ne
2431 3625 2633 3688 dicam

665 3745 810 3787 eum
861 3723 939 3784 ad
984 3722 1107 3783 Au.
1162 3723 1228 3798 l,
1292 3723 1404 3798 19,
1463 3722 1573 3799 10,
1627 3729 2109 3786 commentarium
2144 3730 2481 3789 consulatus
2514 3732 2633 3789 mei

662 3829 960 3904 scribere,
1019 3827 1219 3906 deque
1255 3826 1469 3888 eodem
1501 3847 1683 3906 opere
1715 3827 1863 3888 ibid.
1897 3827 1981 3889 20
1990 3875 2008 3905 ,
2052 3831 2127 3906 6,
2169 3833 2313 3890 misi
2349 3834 2428 3891 ad
2460 3844 2515 3893 ts
2549 3865 2629 3877 --

663 3934 1030 3994 consulatum
1067 3951 1277 3990 meum.

745 4037 786 4118 §
827 4037 886 4096 3.
970 4046 1191 4095 cen-tene
1235 4052 1354 4092 non
1401 4033 1572 4115 louge
1604 4032 1709 4115 —)
1788 4036 1952 4095 Nihil
2001 4037 2295 4098 adiuvant
2332 4040 2631 4100 librorum

659 4139 1039 4214 collationes,
1070 4155 1273 4216 neque
1289 4136 1418 4197 ulla
1435 4146 1520 4196 est
1540 4137 1811 4200 virorum
1840 4140 2158 4202 doctorum
2184 4142 2534 4205 coniectura
2562 4143 2626 4202 in
