3131 5032
1647 478 1779 552 112

789 724 792 725 ⁷
873 714 1017 761 rum
1042 688 1278 759 indicia
1297 738 1315 771 ‚
1347 708 1524 756 secus
1548 708 1748 779 quam
1778 686 1850 754 in
1875 684 2325 755 vetustioribus
2345 686 2687 759 codicibus

867 804 1012 873 fieri
1063 801 1244 873 solet.
1350 799 1550 870 Huius
1607 797 1854 869 Codicis
1874 848 1891 880 ,
1952 811 2031 867 ut
2080 796 2361 868 duorum
2411 798 2683 871 aliorum

865 915 1300 985 Parisiensium
1319 963 1337 997 ‚
1385 936 1524 982 non
1568 910 1688 980 nisi
1718 909 1917 1003 partis
1950 910 2121 978 Libri
2156 910 2349 979 Primi
2390 913 2678 985 collatio-

864 1049 1017 1095 nem
1047 1023 1282 1094 hahuit
1312 1007 1621 1105 Moserus,
1650 1021 1767 1116 qui
1798 1020 1870 1090 iu
1893 1024 2454 1094 commemoranda
2475 1024 2678 1095 finem

865 1139 1023 1210 facit
1065 1138 1152 1209 ad
1199 1142 1259 1219 I,
1306 1141 1385 1220 6,
1438 1140 1544 1207 18.

1121 1387 1162 1431 8
1205 1384 1623 1431 ammomum
1665 1383 1960 1431 (20th
2002 1383 2272 1432 Rom!-

792 1577 898 1658 'De
926 1588 1178 1682 ingenti
1202 1610 1397 1681 opera
1418 1610 1550 1680 qua
1575 1586 1748 1659 Hier.
1758 1586 2241 1680 Lagomarsinus
2254 1586 2342 1654 ad
2365 1584 2675 1678 plurimos

714 1701 912 1772 libros
941 1700 1257 1772 Ciceronis
1286 1724 1453 1793 quae
1492 1714 1838 1792 supersunt
1863 1698 2143 1770 contulit
2157 1749 2176 1780 ,
2206 1698 2671 1771 accuratissime
2780 1782 2789 1789 ,

713 1817 914 1886 refert
928 1818 1071 1884 Am.
1091 1818 1416 1908 Peyronus
1438 1812 1511 1881 in
1527 1813 1862 1903 Ciceronis
1889 1814 2295 1883 orationum
2306 1814 2671 1905 fragmen-

712 1933 810 1995 tis
841 1930 1123 1996 ineditis
1141 1953 1215 2016 p.
1252 1933 1406 1996 237.
1434 1950 1609 2016 seqq.
1656 1927 1841 1996 Conf.
1873 1928 2151 1995 Blamis‘
2176 1927 2323 1995 Iter
2345 1928 2673 1996 Italicum

716 2042 860 2110 III.
901 2065 976 2131 p.
1035 2046 1185 2110 150.
1233 2054 1371 2110 not.
1478 2042 1657 2126 Quae
1702 2061 1911 2132 quum
1960 2039 2427 2133 cognovissem,
2486 2040 2674 2133 coepi

711 2176 970 2247 operam
999 2152 1155 2223 dare
1177 2166 1259 2223 ut
1281 2151 1446 2222 mihi
1467 2173 1731 2245 quoque
1755 2152 2131 2222 thesaurum
2154 2152 2340 2222 illum
2362 2151 2673 2244 inspicere

709 2267 932 2337 liceret
950 2319 968 2350 ,
1003 2268 1284 2358 indeque
1315 2267 1696 2359 depromere
1723 2264 1904 2357 quod
1938 2265 2023 2333 ad
2054 2263 2251 2334 libros
2280 2266 2374 2334 De
2401 2264 2673 2357 Legibus

711 2380 1135 2450 recensendos
1190 2380 1540 2451 conferret.
1645 2381 1874 2469 Itaque
1920 2372 2304 2447 conciliante
2348 2376 2673 2471 Lennepio

707 2490 791 2564 V.
837 2491 929 2561 Cl.
950 2544 968 2575 ,
1031 2491 1213 2561 cuius
1256 2491 1486 2587 optimi
1533 2490 1648 2565 viri
1694 2488 1981 2562 officium
2031 2513 2393 2582 numquam
2432 2491 2671 2562 &nistra

711 2604 1040 2699 requisivi,
1079 2605 1319 2697 siquid
1357 2619 1519 2674 esset
1561 2627 1695 2698 quo
1723 2603 1937 2674 studia
1968 2626 2111 2672 mea
2140 2625 2370 2673 ornare
2400 2629 2467 2674 se
2492 2628 2676 2698 posse

708 2731 1019 2811 speraret,
1041 2715 1476 2787 Roothaanius
1489 2715 1604 2787 Vir
1631 2715 1991 2786 admodum
2002 2716 2412 2785 Reverendus
2426 2768 2444 2800 ,
2473 2720 2672 2787 Prae-

703 2829 952 2924 positus
990 2828 1315 2898 Generalis
1346 2827 1679 2899 Societatis
1716 2830 1857 2897 Iesu
1877 2879 1896 2912 ,
1942 2827 2395 2898 humanissime
2423 2830 2672 2902 curavit

707 2966 852 3013 eam
897 2942 1258 3015 Collationis
1297 2940 1887 3036 Lagomarsinianae
1927 2954 2184 3033 partem
2198 2993 2216 3026 ,
2263 2966 2431 3034 quae
2472 2944 2672 3016 libros

712 3057 799 3126 de
845 3056 1118 3150 Legibus
1163 3055 1577 3139 continebat,
1644 3052 1912 3123 describi
1965 3067 2033 3122 et
2083 3054 2169 3123 ad
2216 3078 2323 3124 me
2377 3057 2668 3149 perferri.

711 3173 890 3257 Quae
918 3168 1171 3261 accepi,
1217 3166 1376 3237 haec
1403 3180 1612 3238 erant.
1703 3165 1990 3235 Primum
2014 3165 2214 3236 libelli
2246 3183 2527 3260 quatuor
2543 3220 2564 3254 ,
2597 3171 2670 3240 in

709 3304 991 3375 quorum
1036 3278 1298 3373 singulis
1346 3279 1446 3348 vel
1492 3278 1685 3348 unius
1735 3278 1981 3349 Codicis
1998 3330 2017 3361 ,
2078 3279 2177 3348 vel
2229 3279 2508 3351 duorum
2552 3298 2671 3354 aut

711 3395 912 3465 trium
955 3406 1182 3463 notata
1233 3405 1330 3461 est
1375 3391 1654 3463 collatio,
1758 3393 1843 3460 Et
1883 3393 2120 3463 horum
2163 3416 2333 3462 unus
2371 3394 2670 3466 continet

707 3505 1115 3578 collationem
1156 3504 1477 3599 integram
1519 3504 1800 3575 duorum
1843 3503 2152 3575 librorum
2174 3557 2192 3588 ‚
2238 3529 2399 3598 quos
2425 3493 2667 3578 'nume-

706 3620 947 3691 ralibus
990 3626 1076 3688 10
1118 3632 1187 3689 et
1234 3625 1265 3686 1
1279 3626 1310 3686 1
1357 3618 1796 3711 designaverat
1839 3618 2324 3710 Lagomarsinus
2344 3671 2363 3703 ,
2421 3621 2669 3692 adiecta

711 3748 932 3803 tamen
977 3730 1084 3800 hic
1134 3730 1265 3800 illic
1313 3730 1648 3801 mentione
1692 3753 1875 3800 num.
1931 3735 2016 3800 48
2065 3743 2135 3799 et
2182 3736 2295 3816 58,
2357 3733 2674 3806 rarissime

714 3868 897 3915 num.
934 3851 978 3913 3
1009 3856 1079 3913 et
1116 3845 1224 3913 49.
1313 3842 1495 3911 Alter
1521 3842 1722 3911 habet
1749 3841 2093 3935 praecipue
2124 3865 2258 3926 eos,
2293 3867 2456 3935 quos
2483 3869 2667 3920 num.

727 3962 809 4026 48
856 3968 927 4023 et
969 3960 1054 4024 49
1095 3953 1424 4046 designat,
1470 3977 1686 4022 mrsus
1725 3953 1973 4022 adiecta
2003 3953 2284 4024 subinde
2307 3978 2491 4027 num.
2525 3965 2569 4027 3
2599 3974 2672 4030 et

722 4074 808 4138 58
839 4065 1188 4136 mentione.
1278 4064 1527 4135 Tertius
1556 4065 1876 4157 integram
1905 4065 2163 4137 videtur
2182 4067 2515 4140 continere
2539 4072 2673 4143 col-

714 4181 1018 4252 lationem
1051 4202 1231 4252 num.
1270 4186 1310 4250 3
1341 4192 1410 4249 et
1448 4184 1534 4248 58
1552 4229 1571 4263 ,
1607 4176 1845 4251 nullius
1877 4192 2203 4270 praeterea
2236 4180 2385 4254 libri
2418 4183 2669 4257 adiecta
