3131 5032
703 442 859 511 -314
1435 440 1577 508 Lm.
1621 439 1687 525 1,
1732 444 1812 524 5,
1867 442 1968 508 15.

715 649 1041 725 Ciceronis,
1075 667 1228 728 quos
1250 666 1394 708 eum
1421 646 1538 708 hoe
1564 644 1651 706 De
1679 645 1860 726 Legg.
1887 646 2022 706 loeo
2046 646 2357 724 componit
2377 646 2672 724 flandi-is,

707 752 795 832 (p.
815 748 953 810 519.
974 746 1104 830 fin.)
1137 768 1361 825 unum,
1396 748 1523 809 Fin.
1546 747 1655 824 IV,
1691 747 1799 824 23,
1841 748 1950 823 62,
1981 749 2227 808 extorsit
2256 749 2316 808 ei
2345 749 2678 829 Madvigius

709 853 789 914 ad
838 854 1016 913 illum
1069 854 1305 930 loeum3
1366 852 1471 911 sed
1524 870 1605 912 ne
1654 850 1806 910 alter
1852 850 2140 931 quidem,
2199 852 2360 913 Orat.
2408 853 2503 930 11,
2556 854 2673 930 50,

708 956 858 1034 204,
900 958 959 1018 ei
1003 956 1427 1018 concedendus
1464 962 1589 1031 est,
1630 954 1740 1014 uhi
1755 1001 1774 1032 ‚
1816 954 2134 1015 Codieihus
2165 955 2440 1035 quamvis
2480 958 2672 1018 omni-

706 1061 819 1120 hus
860 1061 1368 1140 repugnantibus,
1414 1057 1747 1137 legendum
1772 1067 1861 1118 est
1899 1069 2073 1139 atque
2088 1105 2108 1136 ,
2141 1061 2201 1118 si
2225 1061 2313 1119 ita
2338 1061 2542 1140 placet
2563 1085 2670 1119 -ε

706 1161 1097 1228 continuatur
1149 1159 1397 1220 Antonii
1448 1159 1778 1239 disputatio
1795 1206 1815 1236 ,
1875 1168 1936 1219 et
1987 1160 2112 1240 ipsa
2152 1161 2415 1222 formula
2432 1209 2451 1239 ‚
2493 1165 2552 1222 si
2584 1165 2674 1223 ita

696 1267 929 1346 placet,
989 1263 1262 1324 excludit
1311 1262 1736 1325 obiectionem.
1813 1263 1889 1322 In
1923 1264 2101 1343 Legg.
2138 1265 2169 1323 1
2187 1311 2205 1342 ‚
2251 1264 2326 1326 15
2346 1312 2364 1341 ‚
2408 1266 2486 1326 43
2515 1267 2674 1328 hene

704 1368 947 1448 agnovit
980 1379 1157 1448 atque
1185 1374 1510 1445 praestare:
1552 1366 1659 1426 sed
1688 1366 1852 1426 idem
1881 1367 2104 1427 vellem
2136 1369 2407 1428 sensisset
2439 1371 2506 1428 in
2536 1369 2669 1431 Nat.

706 1472 776 1533 1).
827 1470 956 1546 111,
1019 1472 1133 1547 19,
1191 1469 1307 1547 50,
1369 1470 1477 1530 ubi
1531 1481 1706 1549 atque
1755 1472 1825 1527 in
1865 1471 2168 1550 plerisque
2208 1472 2558 1532 civitatibus
2588 1504 2673 1522 —-

706 1574 1082 1635 eontinuatio
1124 1581 1212 1634 est
1257 1573 1389 1633 eius
1404 1618 1425 1649 ‚
1479 1573 1647 1653 quod
1697 1567 1878 1633 modo
1936 1572 2016 1633 de
2068 1572 2262 1635 Codro
2310 1574 2519 1636 dicere
2569 1578 2672 1637 in-

705 1678 995 1737 stituerat.
1077 1674 1215 1737 Alia
1253 1684 1435 1738 erunt
1476 1676 1599 1736 suis
1638 1675 1787 1737 loeis
1826 1676 2198 1755 quaerenda.

785 1783 1068 1862 quoniam
1097 1783 1382 1861 seriptum
1417 1791 1503 1841 est
1540 1801 1579 1840 a
1613 1778 1695 1860 ie)
1773 1780 1902 1841 Iam
1934 1780 2334 1860 intelligitur,
2362 1780 2427 1840 id
2444 1824 2465 1857 ‚
2500 1782 2669 1862 quod

703 1884 934 1944 multae
950 1879 1131 1945 Editt.
1167 1892 1399 1944 veteres
1430 1883 1662 1943 habent
1677 1929 1697 1959 ‚
1736 1885 2023 1964 seriptum
2055 1895 2142 1944 est
2177 1905 2215 1944 a
2248 1895 2305 1944 te
2336 1886 2520 1960 satis,
2557 1904 2671 1964 per

705 1988 1140 2049 correctionem
1173 1985 1417 2047 fluxisse
1452 2005 1527 2046 ex
1562 1987 1637 2045 iis
1665 1986 1837 2046 libris
1868 1984 1935 2069 (C
1956 2032 1974 2062 ‚
2016 2008 2054 2044 α
2070 2030 2090 2062 ,
2132 1983 2227 2066 δ),
2266 2006 2531 2067 quorum
2567 2007 2667 2050 va-

702 2091 980 2152 rietatem
1014 2110 1194 2170 supra
1228 2090 1498 2151 enotavi:
1541 2088 1649 2150 sed
1681 2109 1807 2150 non
1842 2097 1931 2149 est
1967 2089 2074 2149 illa
2102 2089 2244 2172 (sat)
2277 2091 2396 2151 nisi
2423 2092 2668 2152 aberra·-

702 2194 791 2253 tio
843 2193 1107 2270 librarii,
1165 2212 1324 2274 quae
1372 2193 1575 2253 statim
1625 2193 1950 2271 corrigitur
1996 2193 2063 2276 (a
2105 2193 2214 2275 ωε)
2253 2213 2458 2274 neque
2501 2214 2668 2256 nune

701 2297 800 2356 isti
861 2297 1149 2358 adverbio
1207 2296 1376 2358 loeus
1433 2304 1562 2358 erat
1582 2343 1599 2373 ‚
1668 2295 1835 2376 quod
1887 2297 1954 2356 in
2013 2304 2186 2375 parte
2251 2296 2670 2377 disputationis

700 2421 771 2462 ae
821 2401 1344 2462 demonstrationis
1391 2408 1558 2461 reete
1606 2400 1856 2480 ponitur
1874 2445 1893 2476 ‚
1951 2399 2107 2460 sieut
2161 2399 2321 2461 infra
2370 2401 2463 2460 111
2481 2449 2500 2479 ‚
2553 2401 2663 2479 20,

701 2508 815 2586 47,
855 2510 1023 2571 Tnse.
1060 2509 1127 2588 1,
1168 2509 1286 2588 33,
1328 2506 1426 2570 81.
1462 2516 1604 2570 cett.
1624 2555 1642 2586 ‚
1683 2528 1809 2574 uon
1867 2507 2014 2567 item
2062 2507 2129 2568 in
2170 2518 2528 2587 argumento
2560 2508 2663 2570 eui

699 2613 1059 2693 explicando
1107 2613 1445 2693 peculiares
1491 2612 1640 2672 libri
1675 2611 1953 2672 destinati
1989 2619 2148 2671 sunt.
2181 2642 2264 2656 —-
2297 2610 2429 2673 Mox
2465 2633 2665 2693 neque

698 2720 857 2776 enim
910 2717 1109 2778 omitti
1160 2723 1394 2796 oportet
1415 2762 1432 2790 ,
1487 2734 1693 2794 neque
1743 2714 1916 2773 video
1957 2716 2186 2795 secisse
2239 2715 2625 2776 scribendum
2644 2763 2664 2794 ,

698 2826 907 2881 eontra
986 2821 1421 2900 plerorumque
1480 2824 1542 2878 et
1603 2817 1971 2897 optimorum
2043 2816 2343 2879 librorum
2409 2820 2665 2881 auetori-

697 2930 901 2985 tatem.

780 3036 848 3087 ut
897 3027 1000 3086 illo
1044 3027 1207 3087 Crete
1251 3046 1387 3086 eum
1427 3021 1658 3105 Clinia)
1734 3022 1869 3084 Non
1912 3023 2065 3084 tanti
2112 3031 2244 3084 erat
2282 3031 2351 3084 ut
2395 3023 2666 3086 Davisius

697 3138 976 3192 moneret
1025 3128 1197 3190 aliud
1246 3129 1491 3207 plaeere
1544 3127 1744 3188 videri
1788 3126 2096 3205 Ciceroni,
2136 3124 2435 3207 hospitem
2484 3129 2664 3190 illum

696 3233 1125 3294 Atheniensem
1179 3232 1377 3312 ipsum
1429 3231 1612 3291 fuisse
1650 3230 1957 3291 Platonem
1978 3277 1995 3307 ‚
2038 3250 2108 3292 ae
2143 3231 2395 3309 Diogeni
2427 3228 2665 3294 Laertio

699 3336 820 3413 111,
851 3335 963 3396 52:
990 3354 1132 3395 nam
1162 3342 1224 3395 et
1260 3336 1420 3394 inter
1446 3334 1610 3410 illos,
1650 3342 1714 3393 et
1749 3334 1908 3393 inter
1940 3350 2147 3393 omnes
2177 3333 2294 3393 hoo
2329 3335 2660 3411 constabat,

701 3458 808 3499 sua
831 3438 1142 3498 Platonem
1169 3438 1269 3496 isti
1296 3436 1519 3516 hospiti
1551 3436 1840 3497 tribuere.
1900 3436 1987 3497 De
2014 3439 2358 3518 cupi-essetis
2371 3483 2389 3514 ‚
2413 3438 2661 3497 ceteris—

699 3560 856 3622 que,
917 3551 1049 3601 tum
1101 3541 1179 3602 de
1228 3543 1452 3601 aestivo
1505 3541 1638 3618 die,
1695 3540 1821 3601 vid.
1877 3540 2047 3601 Plato
2097 3541 2278 3619 Legg.
2322 3540 2370 3600 1.
2406 3559 2465 3619 p.
2502 3540 2659 3615 625,

700 3646 773 3708 A.
824 3645 889 3706 Β.
939 3643 1052 3706 111.
1095 3664 1156 3725 p.
1193 3644 1333 3707 683.
1382 3644 1444 3704 C.
1475 3674 1556 3688 -—-
1593 3644 2027 3720 Goerenzium‚
2069 3643 2177 3722 qui
2211 3643 2276 3702 in
2312 3662 2476 3723 seqq.
2514 3646 2664 3725 opti·

701 3751 816 3810 mis
869 3747 947 3808 ad
997 3750 1308 3817 &immittis
1359 3755 1628 3825 revocat,
1688 3749 1954 3809 retinere
2014 3752 2248 3826 poterat
2300 3766 2336 3807 a
2382 3766 2664 3826 perversa

700 3851 1196 3931 interpretatione
1251 3851 1583 3911 Turnebus.
1630 3882 1713 3897 —-—
1758 3850 1887 3911 Mox
1933 3851 2242 3931 disputans
2289 3851 2413 3909 mei
2446 3849 2661 3930 optimi

700 3976 948 4037 quoqne
979 3963 1252 4030 servant,
1294 3974 1405 4033 pro
1449 3956 1747 4035 disputat,
1791 3970 2106 4033 perperam
2140 3954 2490 4014 continuato
2519 3974 2659 4034 parb

702 4060 912 4139 tieipio
961 4079 998 4119 e
1044 4058 1366 4138 praeeedd.
1406 4059 1692 4118 insistens
1725 4087 1806 4101 —-
1838 4059 2213 4136 acquiescens
2232 4082 2251 4115 .·
2293 4057 2483 4136 igitur
2510 4057 2661 4118 reoi-

702 4163 924 4242 pienda
956 4161 1077 4222 fuit
1109 4182 1144 4221 e
1177 4161 1580 4222 deterioribus
1618 4159 1789 4221 libris
1822 4160 1975 4221 iusta
2010 4162 2319 4222 eorrectio.
