3131 5032
1079 458 1226 544 141⁸.
1270 459 1343 545 1,
1400 462 1510 544 16,
1559 462 1664 529 44.
2224 467 2349 529 405

376 689 510 733 eane
560 688 686 731 non
736 673 988 749 possunt
1036 686 1230 727 rerum
1276 677 1450 727 nom
1465 710 1484 742 ,
1539 681 1744 745 neque
1792 665 1946 727 haee
1992 664 2356 746 respondent

378 774 556 835 alteri
589 771 750 854 parti
779 770 1125 832 dialectices
1140 816 1160 848 ,
1201 789 1385 850 quam
1432 769 1499 828 in
1544 768 1878 830 rationibus
1916 770 2135 829 versari
2171 770 2352 831 modo

378 876 641 937 dixerat:
682 888 960 936 notarum
992 894 1136 935 usus
1168 873 1236 933 in
1271 872 1725 934 definitionibus
1762 893 1885 933 esse
1917 880 2150 951 poterat
2166 918 2185 948 ,
2225 893 2352 933 non

377 979 445 1039 in
483 979 817 1040 rationibus
855 985 963 1041 aut
1002 976 1392 1056 argumentis.
1490 977 1865 1056 Quapropter
1920 976 2348 1055 corrigendum

373 1082 534 1142 mihi
567 1082 844 1159 videtur,
886 1083 1061 1161 quasi
1090 1081 1391 1140 rationum
1408 1081 1692 1159 punctis.-
1722 1080 1883 1140 conf.
1921 1078 2080 1141 Orat.
2111 1079 2202 1154 11,
2235 1079 2343 1155 41,

382 1185 518 1247 177.
553 1185 836 1247 Paradox.
873 1184 1142 1245 Prooem.
1170 1179 1257 1263 2.)
1335 1182 1453 1243 Sed
1479 1183 1860 1263 reliquorum
1889 1203 2136 1262 quoque
2164 1183 2345 1243 inter-

375 1289 738 1368 pretationes
764 1309 837 1350 eo
866 1288 1177 1361 laborant,
1207 1286 1375 1365 quod
1404 1285 1703 1363 efficiendi
1736 1294 1799 1346 et
1825 1286 2149 1347 inchoandi
2181 1294 2346 1364 pote-

375 1397 588 1452 statem
647 1392 945 1452 commum*
1004 1389 1435 1470 intelligentiae
1499 1389 1807 1464 tribuunt,
1858 1409 2048 1469 quum
2098 1402 2347 1450 naturae

374 1491 484 1554 iata
536 1493 893 1554 debeantur.
992 1491 1245 1553 Accedit
1260 1538 1279 1568 ,
1334 1492 1498 1569 quod
1546 1492 1821 1553 nondum
1867 1492 1982 1552 hac
2025 1512 2342 1571 argumen-

375 1596 604 1657 tatione
635 1595 954 1657 conficitur
982 1593 1082 1672 id,
1123 1592 1290 1674 quod
1315 1593 1759 1673 postulabatur,
1799 1595 2039 1656 honesta
2065 1608 2120 1655 et
2147 1599 2346 1677 turpia

373 1712 593 1761 notura
639 1699 976 1761 diiudicari
982 1719 1012 1772 ,·
1067 1705 1129 1759 et
1181 1699 1622 1776 argumentatio
1669 1697 2060 1758 concluditur
2100 1697 2350 1759 demum

374 1801 473 1862 his
501 1800 700 1861 verbis
733 1799 800 1859 in
832 1817 1032 1879 seqq„
1073 1797 1315 1858 honam
1353 1819 1582 1879 quoque
1613 1810 1670 1859 et
1706 1802 1909 1881 turpia
1937 1811 2153 1860 natura
2188 1801 2346 1861 diiu-

373 1903 633 1963 dicanda
677 1913 837 1962 sune.
935 1900 1107 1961 Unde
1160 1909 1409 1981 apparet
1458 1902 1795 1963 necessario
1837 1914 2084 1964 naturae
2113 1904 2349 1984 requiri

372 2006 743 2067 mentionem
757 2051 776 2082 ,
810 2024 933 2084 qua
969 2022 1118 2064 voce
1152 2004 1338 2065 semel
1371 2004 1688 2066 obliterata
1701 2052 1721 2082 ,
1750 2007 1991 2086 reliqua
2002 2052 2021 2083 ,
2054 2008 2348 2087 suspicor,

373 2110 440 2169 in
475 2109 738 2170 alienam
772 2107 1131 2167 sententiam
1174 2115 1461 2185 corrupta
1493 2116 1654 2169 eunt.
1751 2109 2101 2188 Legendum
2134 2110 2345 2172 credo:

372 2233 513 2273 nam
565 2214 655 2273 ita
707 2230 1038 2271 commun&
1099 2210 1527 2293 intelligentiae
1587 2222 1804 2272 natura
1864 2211 2080 2290 efficit,
2136 2235 2348 2294 easque

375 2317 447 2374 in
493 2317 714 2375 animis
762 2335 825 2375 n.
880 2313 1221 2390 inchoavit,
1263 2325 1330 2374 ut
1373 2347 1476 2375 —.
1519 2311 1618 2373 Sic
1659 2323 1826 2375 certe
1868 2336 2047 2395 supra
2098 2317 2237 2397 Cap.
2275 2317 2346 2394 9,

375 2417 488 2493 26,
526 2425 746 2476 natura
779 2415 1006 2475 dicitur
1039 2416 1469 2498 intelligentior
1508 2416 1845 2495 inchoasse,
1888 2418 1930 2479 i.
1950 2438 2005 2478 e.
2042 2421 2344 2480 notiones:

373 2521 534 2583 conf.
592 2520 731 2598 Cap.
779 2519 894 2595 22,
936 2518 1034 2580 59.
1118 2519 1308 2580 Nobis
1355 2528 1484 2580 tum
1523 2540 1634 2598 per
1666 2542 1729 2581 se
1763 2522 1984 2582 inutile
2017 2532 2136 2600 est,
2175 2544 2343 2603 aequ.

373 2627 445 2684 in
470 2625 692 2685 animia
721 2624 942 2683 nostris
958 2667 978 2699 ,
1013 2630 1146 2681 tum
1171 2622 1568 2683 fluctuantem
1592 2624 1794 2684 sedem
1821 2624 2004 2686 habet
2037 2626 2104 2685 in
2138 2626 2346 2705 codd„

373 2734 435 2788 et
487 2725 890 2805 excogitatum
939 2722 1182 2782 videtur
1237 2730 1306 2782 ut
1348 2732 1634 2803 corrupto
1684 2725 1891 2786 vocab.
1933 2739 2104 2787 notas
2132 2728 2345 2788 adiun-

371 2838 637 2910 geretur.
670 2860 753 2878 -
785 2829 870 2888 In
901 2828 1119 2887 eirenae
1142 2838 1444 2908 ponantur
1476 2828 1517 2888 i.
1551 2846 1608 2888 e.
1656 2828 1988 2890 laudabilia
2016 2830 2343 2892 ducantur:

370 2939 433 2992 et
482 2929 649 3011 quod
705 2929 1024 2990 subiicitur
1084 2929 1228 2990 haee
1286 2940 1481 2990 autem
1500 2976 1516 3003 ,
1575 2930 2041 3010 intelligendum
2060 2980 2078 3009 ,
2136 2943 2345 2995 utrum

367 3033 536 3153 quid
547 3031 923 3094 laudandum
950 3032 1062 3108 sit,
1093 3053 1208 3092 nec
1234 3052 1334 3093 ne.
1397 3032 1610 3112 Neque
1637 3033 1947 3112 probanda
1970 3044 2100 3096 erat
2124 3036 2344 3097 Davisii

367 3134 1039 3219 opimoprael'erentis
1105 3136 1206 3212 id,
1264 3136 1429 3217 quod
1495 3136 1574 3196 de
1646 3138 1795 3197 meis
1865 3160 2111 3220 quoque
2172 3141 2345 3203 libris

367 3238 652 3305 &nulli
687 3238 997 3316 afferunt,
1047 3259 1120 3299 ea
1171 3252 1397 3299 autem.-
1438 3260 1561 3301 non
1617 3247 1817 3301 tamen
1863 3250 2190 3323 propter»
2175 3247 2342 3306 »vim

363 3368 398 3405 ι
415 3343 551 3405 loco
574 3343 935 3423 aptiorem'ss
962 3361 1146 3422 quam
1170 3342 1531 3403 Goerenzius
1553 3343 1770 3403 tribuit
1794 3346 2137 3422 pronomini
2159 3347 2336 3424 haec,

365 3453 472 3508 aut
499 3472 530 3505 >a
545 3466 738 3526 quum
766 3445 879 3507 ista
907 3446 1264 3523 pronomina
1292 3446 1569 3525 ubique
1550 3446 1816 3506 invicem
1845 3455 2335 3527 permutentur?

360 3549 470 3609 aed
504 3550 670 3628 quod
703 3549 964 3627 postulat
1006 3557 1298 3629 perpetua
1340 3550 1643 3611 Ciceronis
1677 3552 2048 3614 consuetudo
2066 3600 2085 3631 ,
2126 3563 2198 3614 ut
2236 3555 2336 3617 Ιιίσ

363 3671 539 3732 pron.
591 3661 887 3732 ponatur,
945 3653 1057 3712 ubi
1109 3673 1267 3715 nova
1316 3655 1758 3733 argumentatio
1804 3666 1909 3716 aut
1959 3658 2333 3721 confirmatio

360 3753 770 3816 antecedentis
816 3755 1186 3832 instituitur,
1244 3777 1369 3818 non
1422 3758 1814 3820 continuatur
1857 3760 1976 3820 iam
2023 3762 2324 3824 instituta:

359 3858 522 3921 eous.
571 3855 735 3918 Offic.
779 3857 846 3935 I,
885 3857 962 3934 2,
1002 3859 1071 3935 6,
1124 3856 1258 3940 (hae
1302 3859 1712 3943 disciplinae),
1765 3862 1837 3941 4,
1884 3864 1995 3942 13,
2036 3864 2202 3947 (huic
2255 3897 2328 3912 -

359 3958 729 4043 aspicienti.)
832 3967 1085 4038 Contra,
1162 3965 1254 4039 is,
1328 3963 1479 4025 ibid.
1537 3968 1607 4041 5,
1689 3965 1796 4042 15,
1873 3967 2138 4048 (eiusque
2208 3970 2325 4028 cir-

357 4064 564 4144 mab),
629 4063 733 4140 10,
794 4063 904 4140 31,
963 4062 1058 4146 (ea
1103 4088 1281 4146 quum
1334 4067 1811 4150 commutamur),
1868 4069 1978 4145 16,
2022 4071 2128 4146 50,
2168 4072 2325 4153 (eius

355 4165 590 4246 autem).
