3131 5032
1089 477 1230 543 Lm.
1278 477 1371 561 11,
1422 479 1541 558 25,
1594 478 1699 544 63.
2247 482 2375 548 573

418 689 698 769 exempla.
744 717 825 732 —
870 685 1201 765 Alioquin,
1240 683 1407 764 quod
1439 685 1504 743 in
1540 682 1784 763 optimis
1811 684 2146 763 omittitur,
2184 686 2386 750 abesse

421 799 569 869 puto
603 810 729 850 non
761 808 948 867 posse.

497 902 731 952 nostrae
786 891 1024 971 quidem
1071 892 1217 974 Iegis
1263 922 1344 936 —
1396 888 1698 970 iubentur)
1794 889 2073 951 Nostram
2122 892 2389 970 appellat

414 993 650 1073 legem,
691 1013 873 1072 quam
909 1013 1089 1073 supra
1125 979 1264 1073 Cep.
1295 992 1355 1054 9.
1386 993 1489 1053 fin.
1519 1001 1816 1072 posuerat.
1896 994 2190 1053 labemur
2217 993 2389 1053 Davi·

414 1095 537 1155 sius
612 1096 912 1156 referebat
986 1094 1063 1155 nd
1143 1095 1293 1155 iuris
1366 1096 1760 1173 interpretes,
1836 1096 2043 1174 itaque
2118 1096 2391 1156 mutabat

416 1198 482 1257 in
521 1200 825 1274 iubemur,
874 1198 1044 1277 quod
1092 1197 1200 1257 alii
1251 1198 1369 1256 viri
1414 1196 1578 1257 docti
1623 1197 2051 1276 probaverunt.
2133 1198 2250 1257 Sed
2285 1200 2390 1257 iu·-

415 1302 627 1361 bentur
663 1301 1181 1361 accommodatum
1230 1308 1319 1360 est
1369 1300 1449 1359 ad
1496 1301 1696 1378 ipsum
1744 1300 1999 1360 verbum
2050 1299 2236 1378 legis,
2278 1301 2389 1359 mi·

411 1415 638 1463 nutante
657 1448 671 1469 ,
718 1402 783 1461 id
817 1401 982 1481 quod
1034 1423 1158 1463 non
1211 1402 1451 1481 agnovit
1502 1401 1797 1479 oremus,
1851 1422 1958 1463 sua
1999 1403 2389 1480 interponens

410 1506 478 1564 in
524 1504 732 1565 Wolfii
779 1504 1067 1564 Praeleet.
1112 1505 1180 1564 in
1228 1505 1395 1565 Tuso.
1444 1504 1543 1579 11,
1592 1503 1663 1580 l,
1704 1505 1774 1579 2,
1813 1523 2017 1582 neque
2058 1504 2390 1583 Madvigius

410 1605 781 1685 Programm.
830 1626 891 1685 p.
937 1605 1050 1681 25,
1090 1606 1199 1685 qui
1245 1606 1503 1666 verbum
1549 1605 1628 1665 ad
1676 1605 2032 1685 interpretes
2080 1607 2390 1685 pertinere

408 1717 619 1788 putat:
678 1729 793 1769 nee
854 1717 1059 1769 tamen
1112 1709 1182 1767 hi
1245 1708 1446 1768 iuberi
1505 1715 1785 1786 poterant
1846 1728 2160 1769 removere
2218 1729 2389 1769 sum-

413 1819 545 1869 tum
565 1855 583 1885 ,
639 1809 745 1870 sed
789 1811 952 1871 eives
1007 1809 1306 1870 universe.
1387 1807 1563 1882 Tum,
1611 1808 1678 1866 in
1713 1808 1953 1887 optimis
1982 1810 2132 1868 meis
2163 1810 2388 1888 legitur

407 1914 751 1995 intelligam
762 1958 782 1990 ,
823 1913 990 1992 quod
1018 1931 1211 1991 quare
1244 1909 1714 1991 praeferendum
1740 1911 1848 1987 sit,
1888 1931 2013 1972 non
2044 1911 2206 1990 sugit
2231 1912 2385 1972 Mad-

403 2016 642 2094 vigiam
680 2017 725 2079 l.
767 2036 823 2077 e.

483 2117 528 2199 §
567 2118 666 2180 63.
748 2140 889 2180 nam
939 2129 998 2179 ee
1049 2118 1305 2180 Athenis
1351 2119 1489 2177 ιἀιη
1549 2117 1654 2176 ille
1713 2138 1836 2177 moe
1889 2138 1927 2177 a
1981 2118 2258 2198 Cecrope,
2316 2130 2385 2179 ut

404 2220 605 2301 aium)
685 2220 759 2281 ln
790 2233 849 2281 ee
880 2219 1047 2299 quod
1082 2219 1471 2280 offenderunt
1509 2219 1631 2278 viri
1669 2218 1833 2279 docti
1847 2265 1867 2296 ,
1907 2238 2030 2280 non
2063 2221 2386 2282 attendisse

405 2333 555 2404 puto
572 2324 723 2384 huie
752 2326 820 2383 in
847 2344 1013 2402 seqq.
1041 2322 1407 2402 respondere
1425 2334 1830 2402 posteaquam.
1861 2354 1942 2367 —
1970 2323 2108 2383 Iam
2133 2323 2384 2384 defendi

405 2445 532 2486 non
581 2432 776 2504 potest
794 2470 812 2499 ,
854 2425 972 2483 nisi
1020 2425 1309 2502 iungatur
1354 2443 1498 2483 eum
1546 2444 1586 2481 a
1634 2423 1881 2503 Cecrope
1898 2469 1917 2498 ‚
1968 2425 2136 2502 quod
2184 2427 2386 2503 ipsum

405 2527 786 2608 proverbiale
840 2547 967 2587 esse
981 2572 1001 2601 ‚
1072 2525 1332 2586 ostendit
1384 2523 1650 2584 formula
1700 2538 1767 2585 ue
1809 2529 2002 2586 aiunt.
2101 2527 2385 2588 Ceterum

406 2630 575 2690 illius
604 2630 791 2690 moris
820 2628 1143 2708 descriptio
1174 2627 1438 2706 pertinet
1469 2647 1663 2706 usque
1687 2627 1765 2686 ad
1796 2630 2066 2706 confecta
2095 2641 2280 2691 erant.
2302 2660 2385 2675 —-

406 2735 638 2795 Bovius
680 2744 833 2792 tem
866 2731 1183 2806 humandi,
1225 2736 1333 2790 aut
1364 2729 1471 2791 hoc
1500 2732 1629 2804 im,
1670 2737 1945 2790 constans
1968 2739 2056 2790 est
2085 2730 2383 2792 librorum

406 2834 620 2910 lectio,
660 2851 847 2911 quam
901 2832 1125 2891 mutari
1175 2851 1298 2890 non
1347 2838 1626 2909 oportere
1665 2830 1732 2890 in
1767 2833 1935 2891 ocius
1951 2877 1970 2907 ,
2010 2831 2168 2891 bene
2200 2834 2384 2892 sensit

409 2935 743 3014 Madvigius
806 2933 1174 3013 Progremm.
1224 2954 1285 3012 p.
1334 2932 1438 2993 26.
1488 2940 1616 2993 not,
1671 2933 1742 2992 1:
1795 2933 1951 3012 quid
2004 2942 2208 2994 autem
2265 2935 2384 2994 sibi

406 3040 588 3116 velit,
638 3057 835 3118 quum
881 3036 1034 3097 dicit
1076 3036 1365 3096 humandi
1395 3035 1655 3095 verbum
1688 3055 1812 3095 nou
1844 3044 2009 3096 reete
2041 3037 2383 3098 aecusativo

407 3159 616 3201 eerere
628 3187 647 3217 ,
679 3160 801 3200 uon
833 3158 1133 3217 assequor.
1214 3137 1488 3198 Potestne
1515 3158 1646 3197 ossa
1672 3149 1827 3197 tem
1851 3138 2136 3199 humandi
2151 3140 2183 3197 Ρ
2220 3140 2383 3200 Bene

405 3252 611 3304 eutem
648 3241 981 3321 Madvigius
1009 3239 1436 3300 commendare
1465 3240 1710 3299 videtur
1733 3242 1889 3320 quod
1914 3262 2094 3321 quum
2112 3244 2383 3322 proximi

390 3347 668 3426 secer-ane
684 3389 702 3419 ‚
760 3340 1276 3423 quemadmodum
1329 3341 1456 3418 ipse
1500 3339 1770 3400 videram
1810 3340 2017 3402 locum
2056 3341 2381 3420 expedien-

405 3448 552 3507 dum
591 3467 733 3507 ese.

469 3550 765 3630 frugibus
813 3543 1232 3626 obterebatur)
1289 3545 1424 3606 Non
1451 3545 1722 3606 concedo
1752 3547 1853 3607 vel
1883 3546 2378 3626 Wyttenbaehio,

409 3651 519 3730 qui
569 3651 896 3727 serebatur,
953 3649 1054 3710 vel
1106 3649 1331 3709 Mosei-o
1346 3694 1365 3725 ,
1422 3648 1532 3726 qui
1586 3649 1996 3709 conserebatur
2020 3649 2377 3728 postulabat.

407 3750 561 3812 Puto
605 3753 772 3812 enim
826 3753 1081 3812 obserere
1137 3771 1292 3827 esse,
1351 3751 1608 3812 serendo
1641 3770 1940 3830 occupare
1971 3760 2035 3812 et
2065 3760 2377 3832 tamquam

406 3852 694 3914 claudere
740 3853 1138 3932 superficiem.
1181 3885 1263 3898 -
1313 3853 1500 3914 &nm
1547 3866 1604 3914 et
1642 3856 1936 3936 gremium
1969 3857 2177 3914 matr-is
2209 3854 2379 3933 quod

406 3953 639 4014 dieitur
656 3998 676 4030 ,
735 3953 1102 4014 eonferenda
1153 3961 1292 4013 sunt
1341 3972 1483 4014 eum
1535 3955 1931 4034 Xenophonte
1948 4000 1966 4030 ,
2020 3975 2202 4034 supra
2232 3955 2375 4035 Cap.

406 4057 489 4119 22
508 4103 527 4133 ‚
569 4057 680 4132 66,
722 4076 837 4117 nee
854 4101 874 4133 ,
915 4064 986 4117 nt
1020 4055 1257 4117 volebat
1289 4056 1617 4119 Crem-erus
1630 4103 1650 4135 ,
1691 4077 1835 4119 eum
1869 4058 1993 4118 illis
2022 4057 2103 4118 de
2127 4056 2374 4119 Platone

406 4161 549 4240 Cap.
587 4159 697 4234 27,
736 4159 838 4221 67.
