3131 5032
657 409 787 473 312
1365 403 1510 473 Lm.
1555 405 1623 490 1,
1676 408 1751 490 4,
1808 405 1907 471 14.

659 622 899 675 menter
956 611 1227 695 dubito),
1284 611 1439 693 quid
1500 617 1687 672 nunc
1729 610 2018 672 attinebat
2078 608 2198 669 hoe
2250 608 2573 669 memorari
2586 608 2620 667 Ρ

660 715 834 776 Modo
889 723 1029 775 ante
1079 735 1186 775 suo
1229 715 1365 775 loco
1397 714 1634 775 dixerat
1667 734 2021 795 quamquam
2055 723 2142 771 est
2162 712 2385 792 populo
2416 731 2623 771 necu-

659 819 907 878 sarium.
986 818 1037 877 Ν
1040 837 1162 877 unc
1194 827 1397 878 autem
1431 838 1554 878 non
1585 818 1649 876 id
1683 818 1807 896 agit
1842 824 1913 876 ut
1942 815 2294 895 disciplinae
2320 813 2624 893 angustias

663 919 927 980 utilitate
981 929 1326 1000 compenset
1340 967 1358 997 ,
1399 920 1583 1002 (quae
1621 918 2061 980 commendatio
2095 915 2374 977 habenda
2408 912 2584 996 esset)
2602 961 2629 989 ,.

663 1022 772 1083 sed
805 1032 873 1083 ut
910 1023 1277 1083 demonstret
1329 1032 1524 1083 totum
1569 1022 1730 1083 istud
1748 1068 1765 1098 ,
1807 1023 1874 1082 in
1903 1042 2028 1102 quo
2063 1019 2625 1081 iurisconsultorum

664 1145 921 1186 acumen
956 1126 1226 1185 exerceri
1257 1126 1475 1199 soleat,
1519 1133 1650 1185 tum
1681 1146 1755 1185 ex
1790 1123 2055 1204 angustis
2087 1122 2356 1184 sontibus
2388 1121 2626 1182 hauriri

664 1228 846 1310 (sicut
896 1249 932 1287 e
980 1229 1270 1307 praetoris
1311 1227 1572 1309 edicto),
1632 1236 1763 1288 tum
1798 1249 1911 1288 usu
1943 1226 2319 1307 potissimum
2354 1233 2635 1287 constare

667 1339 731 1392 et
779 1329 1151 1404 confirmari,
1210 1330 1251 1388 i.
1307 1350 1363 1390 e.
1413 1331 1784 1409 privatarum
1837 1329 2040 1389 litium
2091 1329 2455 1408 comtione.
2553 1327 2628 1387 In

670 1433 947 1497 eamdem
977 1432 1334 1493 sententiam
1369 1433 1606 1494 Crassus
1635 1433 1873 1493 dixerat
1906 1432 1984 1492 de
2003 1432 2066 1491 C.
2087 1431 2422 1507 Aculeone,
2462 1430 2627 1490 acuti

669 1537 902 1615 ingenii
950 1535 1199 1597 homine
1214 1582 1233 1613 ,
1290 1535 1396 1597 sed
1448 1536 1721 1597 minime·
1737 1536 1953 1597 ceteris
1986 1535 2215 1595 artibus
2248 1533 2490 1595 erudito
2506 1578 2525 1609 ,
2566 1539 2630 1592 et

674 1648 876 1701 tamen
929 1639 1079 1700 iuris
1128 1640 1518 1719 peritissimo:
1582 1642 1781 1699 omnia
1839 1651 1978 1700 cunt
2031 1640 2193 1698 enim
2241 1639 2441 1719 posita
2490 1646 2627 1695 ante

673 1745 871 1804 oculos
887 1790 906 1821 ,
964 1745 1246 1804 collocata
1286 1746 1352 1802 in
1387 1765 1501 1804 usu
1550 1744 1935 1823 quotidiano,
1977 1745 2046 1801 in
2081 1741 2487 1822 congressione
2518 1739 2628 1797 ho-

671 1848 902 1906 minum
931 1859 1105 1927 atque
1140 1849 1210 1905 in
1223 1849 1370 1927 soro
1382 1870 1410 1919 ,·
1450 1868 1635 1927 neque
1673 1849 1758 1907 ita
1800 1847 1999 1906 multis
2032 1845 2222 1904 literis
2249 1855 2355 1904 aut
2380 1843 2624 1903 volumi-

670 1949 851 2008 nibus
881 1951 1118 2031 magnis
1149 1952 1552 2010 continentur.-
1595 1951 1758 2011 Orat.
1797 1950 1858 2025 l,
1900 1949 1977 2009 43
1998 1977 2029 2025 ,·
2064 1947 2198 2008 192.

753 2063 859 2111 aut
885 2053 1034 2130 quid
1055 2050 1332 2132 hortaris)
1393 2053 1568 2127 Quod
1592 2053 1771 2112 multi
1800 2052 1944 2111 libri
1970 2050 2198 2110 habent
2220 2047 2385 2127 apud
2398 2047 2592 2108 Davis.
2606 2092 2625 2122 ‚

671 2154 953 2214 Goerenz.
974 2163 1037 2214 et
1051 2153 1373 2231 Moserum‚
1409 2158 1558 2235 quid
1585 2178 1674 2216 mc
1704 2156 1958 2216 hortaris
1971 2200 1991 2230 ‚
2019 2154 2157 2214 ideo
2184 2151 2624 2232 spernendum,

670 2254 835 2334 quod
886 2256 970 2315 sic
1025 2255 1328 2316 diceretur
1347 2302 1364 2332 ,
1421 2278 1612 2337 quare
1667 2277 1766 2317 me
1817 2255 2121 2317 hortaris?
2179 2256 2388 2316 Melius
2439 2262 2621 2329 esset,

670 2360 820 2438 quid
878 2359 1131 2419 hortaris
1182 2359 1315 2419 noe?
1372 2359 1481 2420 sed
1540 2380 1795 2440 pronon.
1857 2380 1932 2421 ex
1984 2357 2260 2440 praeced.
2307 2364 2475 2418 recte
2526 2356 2626 2416 in·-

669 2461 986 2541 telligitur.

749 2586 830 2625 an
871 2578 938 2626 ut
964 2567 1413 2646 stipulationum
1439 2600 1519 2613 —-
1542 2569 1840 2647 famulas
1882 2587 2222 2648 componam
2237 2562 2294 2645 P)
2373 2563 2628 2623 Rathius

670 2669 756 2729 ita
788 2669 1062 2729 defendit
1097 2671 1348 2731 alteram
1382 2671 1704 2732 lectionem
1721 2717 1741 2746 ,
1782 2682 1887 2732 aut
1912 2682 1981 2730 ut
2014 2703 2094 2716 --
2113 2716 2131 2745 ,
2170 2677 2240 2729 ut
2274 2669 2464 2743 dicat,
2496 2666 2626 2727 sor-

667 2772 864 2832 mulas
898 2772 1004 2832 has
1037 2774 1102 2833 in
1138 2773 1350 2833 eodem
1381 2794 1606 2853 genere
1634 2795 1759 2834 esse
1794 2782 1977 2854 atque
2010 2774 2147 2834 istos
2179 2772 2451 2848 libellos3
2495 2779 2627 2841 tuin

668 2875 942 2935 omissam
976 2895 1100 2935 esse
1124 2876 1374 2936 alteram
1403 2886 1636 2956 partem
1671 2878 2152 2956 interrogationis
2183 2876 2371 2952 hauc,
2400 2895 2525 2934 »an
2557 2883 2628 2934 ut

670 2979 750 3039 de
782 2978 918 3039 iure
953 2980 1237 3039 universo
1285 2980 1588 3060 disputem
1603 2983 1674 3042 ?’'
1716 2981 1943 3042 Falsum
1982 3000 2104 3039 esse
2136 2979 2297 3040 hanc
2326 2986 2493 3038 certe
2527 2978 2631 3036 in·-

670 3084 1161 3163 terpretationem
1206 3085 1531 3145 ostenth
1579 3105 1772 3164 seqq.‚
1814 3106 1963 3165 quas
1992 3096 2050 3144 et
2082 3086 2302 3163 scripta
2335 3094 2475 3142 cum
2506 3090 2624 3142 cet.

668 3186 819 3247 Tum
873 3188 1010 3246 satis
1054 3196 1283 3247 constat
1336 3188 1604 3246 multum
1654 3187 1874 3247 distare
1915 3186 2476 3247 iurisconsultorum
2494 3188 2629 3267 sor-

672 3291 862 3350 mulas
901 3310 938 3349 a
987 3290 1203 3349 libellis
1252 3309 1402 3369 quos
1444 3290 1626 3352 edere
1671 3293 1976 3367 solebant,
2016 3292 2248 3371 quique
2280 3309 2423 3350 cum
2446 3310 2627 3370 prae-

672 3395 856 3474 ceptis
904 3392 1464 3455 iurisconsultorum
1518 3395 1974 3475 coniunguntur
2023 3395 2184 3455 Orat.
2217 3394 2247 3455 1
2268 3439 2288 3469 ‚
2329 3394 2409 3454 57
2424 3438 2445 3469 ,
2484 3391 2624 3452 242.

671 3496 831 3557 conf.
874 3495 1000 3555 Fin.
1040 3495 1154 3572 IV,
1193 3496 1261 3573 9,
1301 3496 1402 3559 22.

755 3601 1084 3678 conscripta
1131 3621 1169 3659 a
1212 3602 1415 3660 multia
1443 3599 1607 3682 nme)
1686 3602 1974 3663 Ordinem
2009 3601 2334 3661 verborum
2368 3598 2630 3678 expressi

675 3723 752 3764 ex
806 3702 1047 3781 optimis
1092 3703 1269 3780 meis,
1322 3705 1546 3783 quibus
1589 3706 1886 3766 accedunt
1941 3705 2122 3783 Copp.
2177 3703 2329 3764 vict.
2372 3703 2430 3763 b.
2466 3700 2631 3779 apud

676 3806 999 3866 Moser-um:
1027 3805 1363 3887 iisdemque
1388 3810 1736 3870 auctoribus
1749 3808 2111 3869 servandum
2130 3814 2256 3867 erat
2275 3807 2628 3884 conscripta.

674 3910 902 3988 Nempe
952 3912 1311 3971 conscribere
1358 3914 1684 3991 praecipue
1735 3912 1981 3991 ponitur
2032 3911 2098 3970 in
2131 3911 2283 3970 certi
2316 3907 2633 3968 cuiusdam

675 4014 1016 4089 argumenti
1066 4013 1359 4073 destinata
1408 4015 1805 4094 explicatione
1820 4060 1840 4089 ,
1899 4035 2057 4095 quae
2105 4035 2231 4074 uno
2269 4032 2451 4092 opere
2481 4030 2629 4073 etm-

678 4116 936 4176 tinetur:
997 4116 1257 4195 ideoque
1307 4127 1473 4178 recte
1520 4128 1789 4179 servatur
1840 4119 1964 4190 Fiu.
2006 4119 2087 4191 V,
2133 4119 2197 4191 4,
2247 4117 2309 4176 11
2342 4160 2360 4191 ,
2400 4113 2630 4193 quippe
