<?xml version="1.0" encoding="UTF-8"?>
<!DOCTYPE html PUBLIC "-//W3C//DTD XHTML 1.0 Transitional//EN"
    "http://www.w3.org/TR/xhtml1/DTD/xhtml1-transitional.dtd">
<html xmlns="http://www.w3.org/1999/xhtml" xml:lang="en" lang="en">
 <head>
  <title>
</title>
<meta http-equiv="Content-Type" content="text/html;charset=utf-8" />
  <meta name='ocr-system' content='tesseract 3.04.00' />
  <meta name='ocr-capabilities' content='ocr_page ocr_carea ocr_par ocr_line ocrx_word'/>
</head>
<body>
  <div class='ocr_page' id='page_1' title='image "./mtulliiciceroni02bakegoog_0148.png"; bbox 0 0 3131 5032; ppageno 0'>
   <div class='ocr_carea' id='block_1_1' title="bbox 1379 481 1473 556">
    <p class='ocr_par' dir='ltr' id='par_1_1' title="bbox 1379 481 1473 556">
     <span class='ocr_line' id='line_1_1' title="bbox 1379 481 1473 556; baseline -0.021 0"><span class='ocrx_word' id='word_1_1' title='bbox 1379 481 1473 556; x_wconf 83' lang='lat'><strong>81</strong></span> 
     </span>
    </p>
   </div>
   <div class='ocr_carea' id='block_1_2' title="bbox 438 690 2579 3899">
    <p class='ocr_par' dir='ltr' id='par_1_2' title="bbox 438 690 2398 1152">
     <span class='ocr_line' id='line_1_2' title="bbox 443 690 2397 795; baseline 0 -29"><span class='ocrx_word' id='word_1_2' title='bbox 443 690 754 795; x_wconf 85' lang='lat' dir='ltr'><strong>populi</strong></span> <span class='ocrx_word' id='word_1_3' title='bbox 786 715 947 766; x_wconf 88' lang='lat' dir='ltr'><strong>nec</strong></span> <span class='ocrx_word' id='word_1_4' title='bbox 975 690 1295 792; x_wconf 80' lang='lat' dir='ltr'><strong>reliqui</strong></span> <span class='ocrx_word' id='word_1_5' title='bbox 1326 696 1883 794; x_wconf 77' lang='lat' dir='ltr'><strong>magistratus</strong></span> <span class='ocrx_word' id='word_1_6' title='bbox 1919 718 2025 768; x_wconf 88' lang='lat' dir='ltr'><strong>ne</strong></span> <span class='ocrx_word' id='word_1_7' title='bbox 2055 708 2317 767; x_wconf 87' lang='lat' dir='ltr'><strong>sunto</strong></span> <span class='ocrx_word' id='word_1_8' title='bbox 2344 712 2397 786; x_wconf 86' lang='lat'><strong>¹,</strong></span> 
     </span>
     <span class='ocr_line' id='line_1_3' title="bbox 438 812 2398 914; baseline -0.001 -26"><span class='ocrx_word' id='word_1_9' title='bbox 438 814 838 914; x_wconf 84' lang='lat' dir='ltr'><strong>auspicia</strong></span> <span class='ocrx_word' id='word_1_10' title='bbox 874 826 1218 913; x_wconf 89' lang='lat' dir='ltr'><strong>patrum</strong></span> <span class='ocrx_word' id='word_1_11' title='bbox 1253 827 1552 906; x_wconf 88' lang='lat' dir='ltr'><strong>sunto,</strong></span> <span class='ocrx_word' id='word_1_12' title='bbox 1593 812 1929 912; x_wconf 88' lang='lat' dir='ltr'><strong>ollique</strong></span> <span class='ocrx_word' id='word_1_13' title='bbox 1959 838 2055 887; x_wconf 85' lang='lat' dir='ltr'><strong>ex</strong></span> <span class='ocrx_word' id='word_1_14' title='bbox 2092 839 2179 887; x_wconf 89' lang='lat' dir='ltr'><strong>se</strong></span> <span class='ocrx_word' id='word_1_15' title='bbox 2206 836 2398 914; x_wconf 87' lang='lat' dir='ltr'><strong>pro·</strong></span> 
     </span>
     <span class='ocr_line' id='line_1_4' title="bbox 440 931 2394 1032; baseline 0.001 -27"><span class='ocrx_word' id='word_1_16' title='bbox 440 931 720 1005; x_wconf 87' lang='lat' dir='ltr'><strong>dunto</strong></span> <span class='ocrx_word' id='word_1_17' title='bbox 766 935 917 1032; x_wconf 91' lang='lat' dir='ltr'><strong>qui</strong></span> <span class='ocrx_word' id='word_1_18' title='bbox 960 935 1417 1007; x_wconf 89' lang='lat' dir='ltr'><strong>comitiatu</strong></span> <span class='ocrx_word' id='word_1_19' title='bbox 1467 956 1763 1007; x_wconf 85' lang='lat' dir='ltr'><strong>creare</strong></span> <span class='ocrx_word' id='word_1_20' title='bbox 1804 931 2195 1007; x_wconf 84' lang='lat' dir='ltr'><strong>consules</strong></span> <span class='ocrx_word' id='word_1_21' title='bbox 2230 935 2394 1006; x_wconf 88' lang='lat' dir='ltr'><strong>rite</strong></span> 
     </span>
     <span class='ocr_line' id='line_1_5' title="bbox 444 1053 880 1152; baseline 0 -27"><span class='ocrx_word' id='word_1_22' title='bbox 444 1053 797 1152; x_wconf 81' lang='lat' dir='ltr'><strong>possint</strong></span> <span class='ocrx_word' id='word_1_23' title='bbox 825 1062 880 1125; x_wconf 84' lang='lat'><strong>².</strong></span> 
     </span>
    </p>

    <p class='ocr_par' dir='ltr' id='par_1_3' title="bbox 447 1173 2439 1842">
     <span class='ocr_line' id='line_1_6' title="bbox 545 1173 2439 1274; baseline 0.001 -30"><span class='ocrx_word' id='word_1_24' title='bbox 545 1174 912 1273; x_wconf 87' lang='lat' dir='ltr'><strong>Imperia</strong></span> <span class='ocrx_word' id='word_1_25' title='bbox 943 1184 1437 1273; x_wconf 81' lang='lat' dir='ltr'><strong>potestates</strong></span> <span class='ocrx_word' id='word_1_26' title='bbox 1466 1173 1963 1274; x_wconf 83' lang='lat' dir='ltr'><strong>legationes</strong></span> <span class='ocrx_word' id='word_1_27' title='bbox 1989 1193 2250 1270; x_wconf 84' lang='lat' dir='ltr'><strong>quum</strong></span> <span class='ocrx_word' id='word_1_28' title='bbox 2281 1194 2439 1246; x_wconf 89' lang='lat' dir='ltr'><strong>se··</strong></span> 
     </span>
     <span class='ocr_line' id='line_1_7' title="bbox 447 1290 2404 1393; baseline -0.001 -28"><span class='ocrx_word' id='word_1_29' title='bbox 447 1305 704 1365; x_wconf 86' lang='lat' dir='ltr'><strong>natus</strong></span> <span class='ocrx_word' id='word_1_30' title='bbox 740 1294 1108 1365; x_wconf 87' lang='lat' dir='ltr'><strong>creverit</strong></span> <span class='ocrx_word' id='word_1_31' title='bbox 1143 1291 1628 1393; x_wconf 88' lang='lat' dir='ltr'><strong>populusve</strong></span> <span class='ocrx_word' id='word_1_32' title='bbox 1666 1295 2033 1365; x_wconf 85' lang='lat' dir='ltr'><strong>iusserit</strong></span> <span class='ocrx_word' id='word_1_33' title='bbox 2059 1316 2160 1365; x_wconf 81' lang='lat' dir='ltr'><strong>ex</strong></span> <span class='ocrx_word' id='word_1_34' title='bbox 2190 1290 2404 1365; x_wconf 89' lang='lat' dir='ltr'><strong>urbe</strong></span> 
     </span>
     <span class='ocr_line' id='line_1_8' title="bbox 449 1406 2404 1510; baseline 0 -28"><span class='ocrx_word' id='word_1_35' title='bbox 449 1422 856 1499; x_wconf 78' lang='lat' dir='ltr'><strong>exeunte,</strong></span> <span class='ocrx_word' id='word_1_36' title='bbox 882 1406 1168 1482; x_wconf 87' lang='lat' dir='ltr'><strong>duella</strong></span> <span class='ocrx_word' id='word_1_37' title='bbox 1199 1413 1428 1484; x_wconf 87' lang='lat' dir='ltr'><strong>iusta</strong></span> <span class='ocrx_word' id='word_1_38' title='bbox 1456 1413 1689 1484; x_wconf 88' lang='lat' dir='ltr'><strong>iuste</strong></span> <span class='ocrx_word' id='word_1_39' title='bbox 1722 1411 2404 1510; x_wconf 85' lang='lat' dir='ltr'><strong>gerunto,sociis</strong></span> 
     </span>
     <span class='ocr_line' id='line_1_9' title="bbox 453 1533 2411 1630; baseline -0.001 -27"><span class='ocrx_word' id='word_1_40' title='bbox 453 1541 933 1630; x_wconf 86' lang='lat' dir='ltr'><strong>parcunto,</strong></span> <span class='ocrx_word' id='word_1_41' title='bbox 986 1551 1077 1601; x_wconf 89' lang='lat' dir='ltr'><strong>se</strong></span> <span class='ocrx_word' id='word_1_42' title='bbox 1132 1542 1219 1601; x_wconf 88' lang='lat' dir='ltr'><strong>et</strong></span> <span class='ocrx_word' id='word_1_43' title='bbox 1276 1536 1586 1603; x_wconf 84' lang='lat' dir='ltr'><strong>serv0s</strong></span> <span class='ocrx_word' id='word_1_44' title='bbox 1639 1533 2210 1620; x_wconf 85' lang='lat' dir='ltr'><strong>continento,</strong></span> <span class='ocrx_word' id='word_1_45' title='bbox 2263 1550 2411 1629; x_wconf 89' lang='lat' dir='ltr'><strong>po-</strong></span> 
     </span>
     <span class='ocr_line' id='line_1_10' title="bbox 450 1645 2406 1749; baseline -0.001 -29"><span class='ocrx_word' id='word_1_46' title='bbox 450 1646 647 1749; x_wconf 90' lang='lat' dir='ltr'><strong>puli</strong></span> <span class='ocrx_word' id='word_1_47' title='bbox 700 1649 839 1721; x_wconf 88' lang='lat' dir='ltr'><strong>sui</strong></span> <span class='ocrx_word' id='word_1_48' title='bbox 897 1647 1275 1746; x_wconf 85' lang='lat' dir='ltr'><strong>gloriam</strong></span> <span class='ocrx_word' id='word_1_49' title='bbox 1322 1661 1748 1747; x_wconf 79' lang='lat' dir='ltr'><strong>augentO,</strong></span> <span class='ocrx_word' id='word_1_50' title='bbox 1802 1645 2158 1721; x_wconf 89' lang='lat' dir='ltr'><strong>domum</strong></span> <span class='ocrx_word' id='word_1_51' title='bbox 2211 1671 2406 1723; x_wconf 89' lang='lat' dir='ltr'><strong>cum</strong></span> 
     </span>
     <span class='ocr_line' id='line_1_11' title="bbox 453 1766 1224 1842; baseline -0.003 -2"><span class='ocrx_word' id='word_1_52' title='bbox 453 1766 721 1842; x_wconf 84' lang='lat' dir='ltr'><strong>laude</strong></span> <span class='ocrx_word' id='word_1_53' title='bbox 763 1766 1224 1841; x_wconf 89' lang='lat' dir='ltr'><strong>redeunto.</strong></span> 
     </span>
    </p>

    <p class='ocr_par' dir='ltr' id='par_1_4' title="bbox 554 1885 2195 1985">
     <span class='ocr_line' id='line_1_12' title="bbox 554 1885 2195 1985; baseline -0.001 -25"><span class='ocrx_word' id='word_1_54' title='bbox 554 1890 712 1960; x_wconf 85' lang='lat' dir='ltr'><strong>Rei</strong></span> <span class='ocrx_word' id='word_1_55' title='bbox 742 1910 953 1959; x_wconf 89' lang='lat' dir='ltr'><strong>suae</strong></span> <span class='ocrx_word' id='word_1_56' title='bbox 985 1909 1200 1985; x_wconf 89' lang='lat' dir='ltr'><strong>ergo</strong></span> <span class='ocrx_word' id='word_1_57' title='bbox 1231 1909 1337 1959; x_wconf 87' lang='lat' dir='ltr'><strong>ne</strong></span> <span class='ocrx_word' id='word_1_58' title='bbox 1371 1887 1574 1984; x_wconf 90' lang='lat' dir='ltr'><strong>quis</strong></span> <span class='ocrx_word' id='word_1_59' title='bbox 1604 1885 1944 1984; x_wconf 87' lang='lat' dir='ltr'><strong>legatus</strong></span> <span class='ocrx_word' id='word_1_60' title='bbox 1982 1899 2195 1959; x_wconf 86' lang='lat' dir='ltr'><strong>esto.</strong></span> 
     </span>
    </p>

    <p class='ocr_par' dir='ltr' id='par_1_5' title="bbox 458 2003 2416 2583">
     <span class='ocr_line' id='line_1_13' title="bbox 555 2003 2410 2106; baseline -0.001 -27"><span class='ocrx_word' id='word_1_61' title='bbox 555 2006 853 2079; x_wconf 88' lang='lat' dir='ltr'><strong>Plebes</strong></span> <span class='ocrx_word' id='word_1_62' title='bbox 896 2029 1125 2103; x_wconf 88' lang='lat' dir='ltr'><strong>quos</strong></span> <span class='ocrx_word' id='word_1_63' title='bbox 1173 2030 1335 2106; x_wconf 88' lang='lat' dir='ltr'><strong>pro</strong></span> <span class='ocrx_word' id='word_1_64' title='bbox 1382 2031 1473 2079; x_wconf 89' lang='lat' dir='ltr'><strong>se</strong></span> <span class='ocrx_word' id='word_1_65' title='bbox 1522 2021 1831 2080; x_wconf 86' lang='lat' dir='ltr'><strong>contra</strong></span> <span class='ocrx_word' id='word_1_66' title='bbox 1881 2008 2051 2077; x_wconf 74' lang='lat' dir='ltr'><strong>vim</strong></span> <span class='ocrx_word' id='word_1_67' title='bbox 2099 2003 2410 2079; x_wconf 83' lang='lat' dir='ltr'><strong>auxilii</strong></span> 
     </span>
     <span class='ocr_line' id='line_1_14' title="bbox 458 2124 2413 2223; baseline -0.001 -24"><span class='ocrx_word' id='word_1_68' title='bbox 458 2148 667 2223; x_wconf 85' lang='lat' dir='ltr'><strong>ergo</strong></span> <span class='ocrx_word' id='word_1_69' title='bbox 696 2124 996 2198; x_wconf 89' lang='lat' dir='ltr'><strong>decem</strong></span> <span class='ocrx_word' id='word_1_70' title='bbox 1030 2129 1430 2217; x_wconf 87' lang='lat' dir='ltr'><strong>creassit,</strong></span> <span class='ocrx_word' id='word_1_71' title='bbox 1475 2124 1825 2198; x_wconf 87' lang='lat' dir='ltr'><strong>tribuni</strong></span> <span class='ocrx_word' id='word_1_72' title='bbox 1875 2129 2063 2198; x_wconf 84' lang='lat' dir='ltr'><strong>eins</strong></span> <span class='ocrx_word' id='word_1_73' title='bbox 2112 2138 2413 2198; x_wconf 84' lang='lat' dir='ltr'><strong>sunto:</strong></span> 
     </span>
     <span class='ocr_line' id='line_1_15' title="bbox 460 2242 2414 2345; baseline 0.001 -29"><span class='ocrx_word' id='word_1_74' title='bbox 460 2243 2040 2343; x_wconf 83' lang='lat' dir='ltr'><strong>quodqueiiprohibessint,quodque</strong></span> <span class='ocrx_word' id='word_1_75' title='bbox 2067 2242 2414 2345; x_wconf 89' lang='lat' dir='ltr'><strong>plebem</strong></span> 
     </span>
     <span class='ocr_line' id='line_1_16' title="bbox 464 2366 2414 2463; baseline -0.001 -25"><span class='ocrx_word' id='word_1_76' title='bbox 464 2366 949 2463; x_wconf 85' lang='lat' dir='ltr'><strong>rogassint‚</strong></span> <span class='ocrx_word' id='word_1_77' title='bbox 995 2377 1280 2436; x_wconf 86' lang='lat' dir='ltr'><strong>ratum</strong></span> <span class='ocrx_word' id='word_1_78' title='bbox 1330 2377 1554 2436; x_wconf 84' lang='lat' dir='ltr'><strong>esto:</strong></span> <span class='ocrx_word' id='word_1_79' title='bbox 1606 2367 2081 2462; x_wconf 82' lang='lat' dir='ltr'><strong>sanctique</strong></span> <span class='ocrx_word' id='word_1_80' title='bbox 2114 2378 2414 2454; x_wconf 88' lang='lat' dir='ltr'><strong>sunto,</strong></span> 
     </span>
     <span class='ocr_line' id='line_1_17' title="bbox 460 2481 2416 2583; baseline 0.001 -27"><span class='ocrx_word' id='word_1_81' title='bbox 460 2506 674 2558; x_wconf 82' lang='lat' dir='ltr'><strong>neve</strong></span> <span class='ocrx_word' id='word_1_82' title='bbox 701 2481 1046 2583; x_wconf 90' lang='lat' dir='ltr'><strong>plebem</strong></span> <span class='ocrx_word' id='word_1_83' title='bbox 1078 2482 1378 2559; x_wconf 87' lang='lat' dir='ltr'><strong>orbam</strong></span> <span class='ocrx_word' id='word_1_84' title='bbox 1403 2483 1793 2559; x_wconf 88' lang='lat' dir='ltr'><strong>tribunis</strong></span> <span class='ocrx_word' id='word_1_85' title='bbox 1821 2483 2416 2581; x_wconf 89' lang='lat' dir='ltr'><strong>relinquunto.</strong></span> 
     </span>
    </p>

    <p class='ocr_par' dir='ltr' id='par_1_6' title="bbox 459 2602 2571 3154">
     <span class='ocr_line' id='line_1_18' title="bbox 556 2602 2571 2704; baseline -0.001 -28"><span class='ocrx_word' id='word_1_86' title='bbox 556 2607 882 2676; x_wconf 83' lang='lat' dir='ltr'><strong>Omnes</strong></span> <span class='ocrx_word' id='word_1_87' title='bbox 925 2606 1516 2701; x_wconf 81' lang='lat' dir='ltr'><strong>magistratus</strong></span> <span class='ocrx_word' id='word_1_88' title='bbox 1560 2606 2063 2704; x_wconf 85' lang='lat' dir='ltr'><strong>auspicium</strong></span> <span class='ocrx_word' id='word_1_89' title='bbox 2097 2602 2415 2677; x_wconf 83' lang='lat' dir='ltr'><strong>iudici·</strong></span> <span class='ocrx_word' id='word_1_90' title='bbox 2482 2618 2571 2674; x_wconf 83' lang='grc' dir='ltr'><strong>ιο.</strong></span> 
     </span>
     <span class='ocr_line' id='line_1_19' title="bbox 468 2720 2415 2820; baseline 0 -24"><span class='ocrx_word' id='word_1_91' title='bbox 468 2745 794 2820; x_wconf 88' lang='lat' dir='ltr'><strong>umque</strong></span> <span class='ocrx_word' id='word_1_92' title='bbox 845 2720 1277 2796; x_wconf 84' lang='lat' dir='ltr'><strong>habento:</strong></span> <span class='ocrx_word' id='word_1_93' title='bbox 1330 2747 1616 2820; x_wconf 83' lang='lat' dir='ltr'><strong>exque</strong></span> <span class='ocrx_word' id='word_1_94' title='bbox 1652 2725 1760 2795; x_wconf 89' lang='lat' dir='ltr'><strong>iis</strong></span> <span class='ocrx_word' id='word_1_95' title='bbox 1795 2735 2162 2796; x_wconf 86' lang='lat' dir='ltr'><strong>senatus</strong></span> <span class='ocrx_word' id='word_1_96' title='bbox 2200 2737 2415 2797; x_wconf 84' lang='lat' dir='ltr'><strong>esto.</strong></span> 
     </span>
     <span class='ocr_line' id='line_1_20' title="bbox 475 2841 2417 2941; baseline 0 -26"><span class='ocrx_word' id='word_1_97' title='bbox 475 2889 488 2898; x_wconf 91' lang='lat'>-</span> <span class='ocrx_word' id='word_1_98' title='bbox 564 2845 766 2915; x_wconf 89' lang='lat' dir='ltr'><strong>Eius</strong></span> <span class='ocrx_word' id='word_1_99' title='bbox 791 2841 1158 2917; x_wconf 86' lang='lat' dir='ltr'><strong>decreta</strong></span> <span class='ocrx_word' id='word_1_100' title='bbox 1192 2854 1380 2915; x_wconf 88' lang='lat' dir='ltr'><strong>rata</strong></span> <span class='ocrx_word' id='word_1_101' title='bbox 1412 2856 1711 2915; x_wconf 87' lang='lat' dir='ltr'><strong>sunto:</strong></span> <span class='ocrx_word' id='word_1_102' title='bbox 1742 2856 1874 2916; x_wconf 88' lang='lat' dir='ltr'><strong>ast</strong></span> <span class='ocrx_word' id='word_1_103' title='bbox 1906 2844 1978 2914; x_wconf 91' lang='lat' dir='ltr'><strong>si</strong></span> <span class='ocrx_word' id='word_1_104' title='bbox 2008 2856 2417 2941; x_wconf 89' lang='lat' dir='ltr'><strong>potestas</strong></span> 
     </span>
     <span class='ocr_line' id='line_1_21' title="bbox 467 2959 2418 3062; baseline 0.001 -28"><span class='ocrx_word' id='word_1_105' title='bbox 467 2984 629 3062; x_wconf 87' lang='lat' dir='ltr'><strong>par</strong></span> <span class='ocrx_word' id='word_1_106' title='bbox 687 2966 1064 3035; x_wconf 83' lang='lat' dir='ltr'><strong>maiorve</strong></span> <span class='ocrx_word' id='word_1_107' title='bbox 1116 2959 1549 3062; x_wconf 87' lang='lat' dir='ltr'><strong>probibet</strong></span> <span class='ocrx_word' id='word_1_108' title='bbox 1593 2966 1619 3006; x_wconf 86' lang='lat'>⁸</span> <span class='ocrx_word' id='word_1_109' title='bbox 1668 2985 1761 3034; x_wconf 86' lang='lat' dir='ltr'><strong>se</strong></span> <span class='ocrx_word' id='word_1_110' title='bbox 1796 2963 1858 3053; x_wconf 75' lang='lat'><strong>⁴,</strong></span> <span class='ocrx_word' id='word_1_111' title='bbox 1918 2964 2418 3061; x_wconf 86' lang='lat' dir='ltr'><strong>perscripta</strong></span> 
     </span>
     <span class='ocr_line' id='line_1_22' title="bbox 459 3096 906 3154; baseline 0.002 -1"><span class='ocrx_word' id='word_1_112' title='bbox 459 3096 906 3154; x_wconf 82' lang='lat' dir='ltr'><strong>servanto.</strong></span> 
     </span>
    </p>

    <p class='ocr_par' dir='ltr' id='par_1_7' title="bbox 463 3199 2417 3394">
     <span class='ocr_line' id='line_1_23' title="bbox 561 3199 2417 3300; baseline 0 -27"><span class='ocrx_word' id='word_1_113' title='bbox 561 3206 644 3273; x_wconf 86' lang='lat' dir='ltr'><strong>Is</strong></span> <span class='ocrx_word' id='word_1_114' title='bbox 674 3199 895 3274; x_wconf 90' lang='lat' dir='ltr'><strong>ordo</strong></span> <span class='ocrx_word' id='word_1_115' title='bbox 938 3203 1160 3274; x_wconf 61' lang='lat' dir='ltr'><strong>vitio</strong></span> <span class='ocrx_word' id='word_1_116' title='bbox 1202 3213 1555 3293; x_wconf 83' lang='lat' dir='ltr'><strong>vacato,</strong></span> <span class='ocrx_word' id='word_1_117' title='bbox 1602 3204 1939 3275; x_wconf 85' lang='lat' dir='ltr'><strong>ceteris</strong></span> <span class='ocrx_word' id='word_1_118' title='bbox 1968 3202 2417 3300; x_wconf 83' lang='lat' dir='ltr'><strong>specimen</strong></span> 
     </span>
     <span class='ocr_line' id='line_1_24' title="bbox 463 3333 1587 3394; baseline -0.007 0"><span class='ocrx_word' id='word_1_119' title='bbox 463 3333 682 3394; x_wconf 87' lang='lat' dir='ltr'><strong>esto.</strong></span> <span class='ocrx_word' id='word_1_120' title='bbox 1578 3385 1587 3386; x_wconf 19' lang='lat' dir='ltr'><em>ff</em></span> 
     </span>
    </p>

    <p class='ocr_par' dir='ltr' id='par_1_8' title="bbox 465 3440 2422 3780">
     <span class='ocr_line' id='line_1_25' title="bbox 560 3440 2417 3542; baseline 0 -29"><span class='ocrx_word' id='word_1_121' title='bbox 560 3442 921 3514; x_wconf 87' lang='lat' dir='ltr'><strong>Creatio</strong></span> <span class='ocrx_word' id='word_1_122' title='bbox 984 3442 1648 3539; x_wconf 85' lang='lat' dir='ltr'><strong>magistratuum</strong></span> <span class='ocrx_word' id='word_1_123' title='bbox 1716 3440 2038 3515; x_wconf 87' lang='lat' dir='ltr'><strong>iudicia</strong></span> <span class='ocrx_word' id='word_1_124' title='bbox 2105 3441 2417 3542; x_wconf 88' lang='lat' dir='ltr'><strong>populi</strong></span> 
     </span>
     <span class='ocr_line' id='line_1_26' title="bbox 465 3557 2422 3658; baseline 0 -25"><span class='ocrx_word' id='word_1_125' title='bbox 465 3563 721 3634; x_wconf 88' lang='lat' dir='ltr'><strong>iussa</strong></span> <span class='ocrx_word' id='word_1_126' title='bbox 767 3563 1053 3652; x_wconf 79' lang='lat' dir='ltr'><strong>vetita</strong></span> <span class='ocrx_word' id='word_1_127' title='bbox 1093 3583 1357 3658; x_wconf 90' lang='lat' dir='ltr'><strong>quum</strong></span> <span class='ocrx_word' id='word_1_128' title='bbox 1406 3557 1851 3658; x_wconf 86' lang='lat' dir='ltr'><strong>suffragio</strong></span> <span class='ocrx_word' id='word_1_129' title='bbox 1896 3585 1998 3634; x_wconf 85' lang='lat' dir='ltr'><strong>eo</strong></span> <span class='ocrx_word' id='word_1_130' title='bbox 2039 3565 2422 3635; x_wconf 89' lang='lat' dir='ltr'><strong>sciscen-</strong></span> 
     </span>
     <span class='ocr_line' id='line_1_27' title="bbox 468 3678 2418 3780; baseline 0.002 -29"><span class='ocrx_word' id='word_1_131' title='bbox 468 3693 610 3774; x_wconf 80' lang='lat' dir='ltr'><strong>tur</strong></span> <span class='ocrx_word' id='word_1_132' title='bbox 639 3692 700 3774; x_wconf 79' lang='lat'><strong>⁸,</strong></span> <span class='ocrx_word' id='word_1_133' title='bbox 732 3680 1306 3780; x_wconf 88' lang='lat' dir='ltr'><strong>optimatibus</strong></span> <span class='ocrx_word' id='word_1_134' title='bbox 1335 3693 1539 3754; x_wconf 89' lang='lat' dir='ltr'><strong>nota</strong></span> <span class='ocrx_word' id='word_1_135' title='bbox 1571 3678 1809 3779; x_wconf 88' lang='lat' dir='ltr'><strong>plebi</strong></span> <span class='ocrx_word' id='word_1_136' title='bbox 1836 3678 2113 3754; x_wconf 87' lang='lat' dir='ltr'><strong>libera</strong></span> <span class='ocrx_word' id='word_1_137' title='bbox 2133 3695 2418 3754; x_wconf 78' lang='lat' dir='ltr'><strong>sunto,</strong></span> 
     </span>
    </p>

    <p class='ocr_par' dir='ltr' id='par_1_9' title="bbox 568 3798 2579 3899">
     <span class='ocr_line' id='line_1_28' title="bbox 568 3798 2579 3899; baseline 0.001 -27"><span class='ocrx_word' id='word_1_138' title='bbox 568 3804 713 3872; x_wconf 82' lang='lat' dir='ltr'><strong>Ast</strong></span> <span class='ocrx_word' id='word_1_139' title='bbox 751 3803 823 3873; x_wconf 91' lang='lat' dir='ltr'><strong>si</strong></span> <span class='ocrx_word' id='word_1_140' title='bbox 870 3798 1083 3898; x_wconf 86' lang='lat' dir='ltr'><strong>quid</strong></span> <span class='ocrx_word' id='word_1_141' title='bbox 1121 3802 1291 3872; x_wconf 85' lang='lat' dir='ltr'><strong>erit</strong></span> <span class='ocrx_word' id='word_1_142' title='bbox 1327 3798 1559 3898; x_wconf 86' lang='lat' dir='ltr'><strong>quod</strong></span> <span class='ocrx_word' id='word_1_143' title='bbox 1592 3813 1834 3875; x_wconf 83' lang='lat' dir='ltr'><strong>extra</strong></span> <span class='ocrx_word' id='word_1_144' title='bbox 1872 3803 2419 3899; x_wconf 84' lang='lat' dir='ltr'><strong>magistratus</strong></span> <span class='ocrx_word' id='word_1_145' title='bbox 2487 3821 2579 3878; x_wconf 80' lang='grc' dir='ltr'><strong>Π.</strong></span> 
     </span>
    </p>
   </div>
   <div class='ocr_carea' id='block_1_3' title="bbox 463 4108 2434 4265">
    <p class='ocr_par' dir='ltr' id='par_1_10' title="bbox 463 4108 2434 4265">
     <span class='ocr_line' id='line_1_29' title="bbox 534 4108 2434 4183; baseline 0.003 -22"><span class='ocrx_word' id='word_1_146' title='bbox 534 4110 554 4148; x_wconf 87' lang='lat'><strong>¹</strong></span> <span class='ocrx_word' id='word_1_147' title='bbox 605 4125 706 4162; x_wconf 75' lang='lat' dir='ltr'><strong>neo</strong></span> <span class='ocrx_word' id='word_1_148' title='bbox 748 4119 949 4164; x_wconf 69' lang='lat' dir='ltr'><strong>coeunt.</strong></span> <span class='ocrx_word' id='word_1_149' title='bbox 1031 4111 1058 4149; x_wconf 76' lang='lat'><strong>¹</strong></span> <span class='ocrx_word' id='word_1_150' title='bbox 1105 4112 1287 4180; x_wconf 70' lang='lat' dir='ltr'><strong>pouit.</strong></span> <span class='ocrx_word' id='word_1_151' title='bbox 1373 4114 1399 4152; x_wconf 80' lang='lat'>⁸</span> <span class='ocrx_word' id='word_1_152' title='bbox 1446 4108 1783 4183; x_wconf 68' lang='lat' dir='ltr'><strong>pmbibeuit.</strong></span> <span class='ocrx_word' id='word_1_153' title='bbox 1867 4113 1893 4152; x_wconf 57' lang='grc' dir='ltr'>ὓ</span> <span class='ocrx_word' id='word_1_154' title='bbox 1941 4121 2148 4166; x_wconf 73' lang='lat' dir='ltr'><strong>semem</strong></span> <span class='ocrx_word' id='word_1_155' title='bbox 2178 4111 2434 4167; x_wconf 72' lang='lat' dir='ltr'><strong>consulu.</strong></span> 
     </span>
     <span class='ocr_line' id='line_1_30' title="bbox 463 4193 1199 4265; baseline 0 -17"><span class='ocrx_word' id='word_1_156' title='bbox 463 4195 493 4233; x_wconf 82' lang='lat'>⁸</span> <span class='ocrx_word' id='word_1_157' title='bbox 525 4193 769 4265; x_wconf 58' lang='lat' dir='ltr'><strong>”Es-gio</strong></span> <span class='ocrx_word' id='word_1_158' title='bbox 799 4196 1199 4249; x_wconf 67' lang='lat' dir='ltr'><strong>musei-centur.</strong></span> 
     </span>
    </p>
   </div>
   <div class='ocr_carea' id='block_1_4' title="bbox 2039 4288 2088 4356">
    <p class='ocr_par' dir='ltr' id='par_1_11' title="bbox 2039 4288 2088 4356">
     <span class='ocr_line' id='line_1_31' title="bbox 2039 4288 2088 4356; baseline 0 0"><span class='ocrx_word' id='word_1_159' title='bbox 2039 4288 2088 4356; x_wconf 85' lang='lat'>6</span> 
     </span>
    </p>
   </div>
  </div>
 </body>
</html>
