3131 5032
1151 414 1289 483 Lis.
1337 415 1439 500 fl,
1486 419 1559 498 83
1610 416 1717 484 21;
2277 420 2406 484 503

457 626 734 708 publica:
777 623 923 703 Rep.
969 624 1038 699 1,
1089 621 1204 701 25,
1256 621 1391 683 init.
1435 654 1515 666 —
1548 621 1701 682 Tum
1723 634 2138 702 praemonente
2171 630 2260 682 est
2292 641 2406 685 au-

451 748 675 810 gurum
691 774 712 805 ,
750 728 864 809 qui
896 733 1355 807 praemonerent
1388 745 1490 786 eos
1527 727 1638 806 qui
1672 736 1848 808 egem
1875 745 1995 785 rem
2034 725 2251 786 duelli:
2293 726 2410 785 nisi

452 833 619 894 euim
665 831 743 892 ad
784 831 944 892 illud
986 830 1324 891 subiectum
1362 829 1661 891 referatur
1675 875 1696 906 ‚
1734 829 1889 890 ratio
1914 829 2087 889 nulla
2116 830 2234 889 erit
2264 831 2407 891 novi

453 935 711 997 subiecti
725 980 745 1011 ‚
779 936 993 1015 allique
1029 933 1102 1015 (i.
1136 953 1192 994 e.
1225 934 1336 1014 qui
1368 940 1549 1013 agent
1582 930 1728 1013 cet.)
1758 933 2199 1011 obtemperanto.

535 1040 917 1119 divorumque
947 1040 1074 1099 im
1090 1037 1441 1119 providente
1471 1035 1580 1119 -)
1656 1037 1793 1097 Irus
1823 1036 2133 1118 providere
2172 1036 2407 1096 deorum

457 1163 582 1204 non
610 1151 774 1204 recte
786 1189 805 1219 ‚
843 1151 1019 1223 puto,
1054 1140 1555 1223 Wyttenbachius
1594 1141 2051 1221 interpretatur,
2088 1148 2156 1199 ut
2182 1140 2259 1199 sit
2292 1159 2402 1200 cu-

455 1265 591 1307 rare
624 1246 846 1327 quibus
877 1246 1180 1307 sacrificiis
1216 1244 1469 1305 deorum
1494 1244 1622 1305 irae
1647 1243 1976 1323 placandae
2001 1243 2140 1305 sint.
2197 1242 2408 1303 Melius

455 1349 783 1411 Turnebus.
864 1350 1162 1431 Apparere
1199 1357 1287 1409 est
1321 1348 1619 1410 ministros
1647 1369 1800 1426 esse,
1841 1357 1912 1409 ut
1944 1347 2103 1408 infra
2135 1347 2256 1424 111,
2302 1346 2406 1424 19,

457 1452 569 1514 43:
610 1452 981 1532 putabantur
1024 1452 1188 1512 enim
1227 1452 1324 1511 Dii
1356 1459 1622 1512 mentem
1654 1466 1824 1513 suam
1868 1451 2216 1512 homiuibus
2253 1449 2410 1510 indi-

456 1574 596 1616 care
643 1555 932 1615 ministris
987 1555 1079 1615 usi
1123 1554 1450 1634 auguribus
1464 1600 1483 1630 ‚
1531 1555 1697 1634 quod
1731 1575 1855 1615 nou
1888 1555 2051 1633 cepit
2092 1554 2370 1615 Ernestus
2385 1600 2405 1629 ‚

456 1677 659 1738 neque
710 1657 790 1717 ad
837 1657 902 1719 h.
957 1658 1000 1719 l.
1052 1676 1255 1738 neque
1303 1658 1372 1717 in
1423 1656 1557 1718 Iud.
1608 1657 1802 1718 Latin.
1832 1656 1901 1717 V.
1937 1676 2231 1737 afflare.
2311 1656 2406 1718 Sic

454 1759 821 1841 intelligitur
835 1805 854 1837 ‚
892 1760 1059 1840 quod
1090 1760 1159 1821 in
1191 1759 1400 1821 multis
1428 1759 1601 1821 libris
1628 1766 1716 1821 est
1730 1802 1755 1836 ,
1778 1770 2029 1841 parente
2046 1805 2065 1836 ‚
2103 1759 2253 1820 ferri
2285 1779 2409 1821 non

454 1881 642 1943 posse.

532 1965 843 2045 memque
888 1976 945 2026 et
989 1985 1160 2046 agros
1200 1996 1282 2008 —
1324 1960 1599 2043 habento)
1674 1963 1824 2023 διώ
1855 1968 2082 2023 constat
2113 1962 2288 2024 cuius
2317 1984 2408 2024 ar-

452 2070 727 2147 gumenti
778 2068 895 2130 hoc
942 2077 1127 2149 caput
1174 2066 1323 2146 legis
1366 2067 1475 2127 sit:
1536 2086 1677 2127 nam
1725 2066 1981 2145 auguria
2015 2074 2147 2125 tum
2180 2067 2413 2128 urbana

455 2181 627 2233 eraut
642 2218 661 2248 ‚
711 2181 844 2233 tum
891 2174 1055 2256 agris
1104 2170 1523 2251 capiebantur,
1563 2176 1627 2230 et
1658 2168 1982 2249 utrobique
2020 2170 2232 2248 templa
2264 2169 2408 2230 defi·

457 2275 808 2351 niebantur,
854 2278 895 2337 i.
928 2296 982 2336 e.
1017 2284 1217 2336 certae
1251 2275 1562 2353 reffiones:
1605 2281 1735 2333 tum
1769 2291 1842 2333 ea
1875 2272 2075 2333 omnia
2109 2273 2409 2334 habebant

455 2376 731 2453 liberam,
768 2378 809 2437 i.
840 2396 894 2437 e.
931 2397 1052 2437 non
1088 2376 1379 2454 impedito
1412 2383 1730 2456 prospectu
1754 2420 1770 2451 ‚
1802 2383 1865 2434 et
1900 2378 2079 2455 effata
2116 2377 2156 2438 i.
2177 2396 2231 2438 e.
2264 2377 2408 2437 fini-
2490 2360 2491 2363 ¹

456 2476 570 2538 bus
617 2476 695 2537 ab
745 2477 886 2556 ipsis
937 2476 1274 2555 designatis.
1371 2477 1501 2536 Huc
1561 2475 1764 2535 redire
1820 2477 2107 2538 videntur
2137 2498 2297 2557 quae
2329 2500 2405 2542 ex

456 2580 758 2640 veteribus
824 2578 1238 2639 Grammaticis
1299 2579 1637 2638 excitarunt
1699 2578 1818 2636 viri
1879 2578 2041 2639 docti
2101 2579 2179 2638 ad
2237 2581 2300 2642 h.
2362 2583 2405 2645 l.

454 2681 641 2744 Varro
686 2684 750 2744 L.
797 2683 861 2743 Ι..
897 2680 998 2742 Vl.
1034 2702 1094 2761 p.
1125 2681 1246 2743 229
1285 2681 1533 2761 Speng„
1561 2682 1739 2760 effari
1771 2683 1983 2763 templa
2018 2684 2302 2744 dicuntur
2327 2685 2406 2746 ab

453 2788 780 2869 auguribus
797 2809 825 2857 ;
867 2788 1131 2866 affantur
1155 2787 1263 2865 qui
1296 2787 1365 2844 in
1390 2785 1486 2845 lais
1507 2786 1673 2865 fines
1698 2797 1866 2845 mi.-
1894 2784 1980 2847 id.
2008 2784 2145 2862 Vll,
2171 2807 2231 2867 p.
2250 2788 2404 2865 293,

452 2890 584 2950 ideo
630 2889 823 2949 dicere
869 2909 1002 2949 cum
1045 2890 1319 2968 templum
1348 2890 1553 2970 jacit,
1598 2888 2010 2968 Campaniam,
2052 2910 2172 2969 qua
2211 2893 2404 2951 oculo·

451 3012 583 3052 rum
629 3002 997 3072 conspectum
1046 2992 1240 3063 finiat.
1320 2992 1437 3067 Qui
1477 2991 1588 3052 ista
1628 2991 1844 3052 melius
1880 2992 2271 3072 intelligunt,
2307 2994 2404 3055 hin

445 3095 715 3156 conoedo
762 3103 831 3155 ut
873 3094 1059 3155 verba
1107 3094 1449 3174 explorent,
1493 3100 1556 3155 et
1606 3095 1656 3154 si
1708 3113 1857 3173 opus
1891 3095 1997 3171 sit,
2058 3095 2398 3160 emendent.

444 3197 595 3259 Nam
646 3218 840 3279 quum
886 3198 937 3257 I)
986 3198 1205 3258 habeat
1256 3210 1313 3258 et
1364 3218 1506 3282 agro
1523 3244 1542 3274 ‚
1601 3198 1819 3258 coniici
1883 3197 2127 3259 fortasse
2181 3202 2404 3279 poterit

440 3301 692 3383 urbeque
732 3313 790 3362 et
826 3322 969 3385 agro
1012 3301 1120 3382 [et]
1160 3302 1392 3383 mla.

519 3408 655 3466 dira
703 3404 994 3488 defixerit)
1089 3406 1331 3466 Nullam
1380 3405 1447 3464 iu
1497 3404 1683 3466 verbo
1734 3404 2084 3465 varietatem
2136 3404 2398 3467 afferunt

443 3509 586 3567 libri
621 3509 779 3585 mei,
819 3529 1020 3590 neque
1053 3508 1459 3570 controversia
1491 3507 1788 3569 movenda
1821 3516 1941 3568 est:
1982 3517 2071 3568 est
2103 3510 2267 3570 enim
2301 3512 2397 3571 de-

429 3610 621 3691 figere
633 3655 653 3687 ,
679 3612 1078 3690 auspiciorum
1108 3610 1579 3673 obnunciatione
1596 3610 2021 3672 condemnare:
2044 3611 2202 3672 conf.
2223 3610 2394 3673 Parei

441 3714 583 3773 Lex.
614 3712 757 3774 erit.
785 3734 846 3794 p.
873 3714 1012 3774 323.
1036 3716 1097 3776 b.
1174 3716 1325 3776 Tum
1358 3735 1481 3776 non
1509 3714 1848 3775 audiendus
1863 3715 2389 3795 Wyttenbachius‚

439 3814 551 3895 qui
586 3815 718 3876 dim
738 3816 804 3876 in
830 3815 968 3877 Abl.
993 3817 1145 3895 sing.
1170 3817 1312 3879 fem.
1340 3818 1581 3898 accipit.
1660 3819 1735 3879 ln
1763 3818 2040 3896 augurali
2067 3818 2384 3898 disciplina

438 3917 603 3978 dim
652 3918 1012 3979 dicebantur
1065 3919 1145 3980 de
1190 3930 1358 3982 certo
1402 3922 1667 4001 quodam
1721 3940 1944 4000 genere
1984 3922 2292 3999 signorum
2327 3930 2390 3981 et

437 4020 709 4081 ominum
726 4066 744 4095 ,
785 4039 945 4100 qnae
977 4021 1336 4083 nunciarent
1366 4023 1518 4104 quid
1546 4032 1911 4085 eventurum
1938 4031 2088 4082 esset
2114 4023 2231 4082 nisi
2253 4025 2390 4102 quis

433 4147 468 4186 a
519 4133 791 4206 suscepto
843 4124 1117 4187 cavisset:
1179 4126 1264 4188 sic
1317 4127 1575 4189 traditur
1622 4127 1816 4188 Divin.
1862 4126 1928 4202 1,
1974 4122 2084 4200 16,
2125 4125 2240 4201 29,
2282 4124 2387 4186 fin.
