3131 5032
1626 418 1720 496 98

430 657 628 782 ”¹4¹5-
797 647 1075 727 Deinde
1118 643 1485 739 sequitur,
1536 629 1808 731 quibus
1858 630 1974 699 ius
2018 623 2111 692 sit
2156 637 2326 690 cum
2371 607 2649 710 populo

614 763 631 781 ⁶
697 769 959 873 agendi
1005 778 1130 840 aut
1185 784 1352 836 cum
1401 766 1689 830 senatu:
1742 747 2006 847 gravis,
2066 751 2141 813 et
2198 747 2284 809 ut
2336 730 2652 806 arbitror

698 889 1065 995 praeclara
1088 884 1225 957 lex.

809 1018 1008 1106 Quae
1052 1027 1211 1079 cum
1250 990 1545 1097 popule,
1595 1008 1912 1091 quaeque
1958 981 2033 1054 in
2069 969 2400 1076 patribus
2437 992 2660 1067 agun-

701 1148 819 1205 tur
844 1148 868 1187 ¹
915 1125 1194 1201 modica
1225 1132 1469 1204 sunto,
1518 1110 1595 1184 id
1630 1121 1739 1182 est
1775 1100 2098 1176 modesta
2138 1109 2359 1191 atque
2395 1087 2658 1163 sedata.

703 1258 927 1325 Actor
969 1248 1166 1331 enim
1207 1235 1627 1312 moderatur
1665 1239 1739 1300 et
1769 1223 1981 1322 fingit
2011 1241 2162 1290 non
2199 1209 2419 1285 modo
2459 1229 2666 1279 men·

705 1385 856 1444 tem
901 1392 987 1441 ac
1027 1363 1469 1443 voluntates,
1518 1347 1648 1423 sed
1684 1367 1871 1445 pene
1905 1338 2147 1412 vultus
2182 1354 2438 1407 eorum
2468 1321 2666 1425 apud

709 1512 893 1588 quos
948 1487 1116 1583 agit.
1231 1465 1451 1567 Quod
1503 1474 1581 1542 in
1637 1477 1893 1540 senatu
1948 1482 2101 1530 non
2153 1448 2447 1527 difficile
2496 1457 2606 1517 est
2632 1453 2665 1494 ²

710 1611 906 1683 enim
950 1608 1104 1702 ipse
1135 1616 1161 1656 ⁸
1202 1607 1493 1670 senator
1535 1593 1634 1679 is,
1684 1588 1891 1658 cuius
1930 1602 2081 1651 non
2118 1573 2210 1648 ad
2245 1582 2612 1646 auctorem
2635 1579 2667 1621 ὁ

710 1725 1071 1801 referatur
1131 1720 1450 1803 animus,
1498 1707 1625 1782 sed
1670 1707 1799 1802 qui
1851 1723 1985 1802 per
2031 1720 2109 1769 se
2157 1696 2313 1793 ipse
2361 1686 2674 1791 spectari

714 1845 910 1920 velit.

816 1964 1003 2035 Huic
1036 1960 1226 2029 iussa
1267 1953 1401 2025 tria
1443 1957 1647 2020 sunt:
1684 1953 1769 2013 ut
1789 1936 1984 2011 adsit
1994 1961 2024 2024 ‚-
2057 1955 2225 2005 nam
2256 1928 2679 2027 gravitatem

724 2108 843 2158 res
885 2077 1140 2165 habet,
1191 2094 1421 2170 quum
1460 2064 1806 2160 frequens
1843 2053 2024 2128 ordo
2075 2066 2217 2125 est:
2265 2062 2351 2123 ut
2384 2046 2537 2118 loco
2572 2041 2684 2114 di·

729 2217 880 2293 cat,
928 2197 1006 2271 id
1057 2208 1163 2268 est
1222 2201 1547 2289 rogatus:
1597 2196 1682 2255 ut
1734 2174 1969 2264 modo,
2036 2195 2131 2244 ne
2177 2173 2272 2241 sit
2325 2163 2686 2238 infinitus:

731 2345 904 2395 nam
969 2315 1282 2390 brevitas
1345 2329 1496 2379 non
1557 2297 1779 2373 modo
1838 2293 2216 2379 senatoris,
2287 2282 2414 2359 sed
2468 2285 2693 2356 etiam

737 2440 1074 2527 oratoris,
1134 2451 1392 2528 magna
1441 2423 1598 2496 laus
1645 2431 1756 2492 est
1808 2420 1885 2487 in
1947 2410 2336 2497 sententia3
2396 2426 2533 2476 nec
2585 2411 2697 2473 est

741 2581 1095 2657 umquam
1138 2553 1354 2648 longa
1394 2545 1725 2618 oratione
1754 2531 2141 2622 utendum,
2189 2528 2326 2599 nisi
2359 2538 2444 2598 ut
2468 2533 2497 2572 ⁸
2536 2544 2702 2623 peo-

750 2693 962 2756 cante
1036 2686 1320 2761 senatu,
1384 2662 1588 2764 quod
1648 2657 1733 2731 fit
1792 2651 2186 2730 ambitione
2253 2644 2704 2744 saepissime,

753 2799 957 2874 nullo
996 2798 1420 2892 magistratu
1464 2782 1846 2858 adiuvante
1868 2828 1890 2867 ‚
1939 2772 2094 2846 tolli
2127 2769 2320 2843 diem
2357 2764 2535 2839 utile
2572 2774 2711 2852 est,

756 2936 886 2996 aut
932 2940 1164 3016 quum
1213 2923 1414 2985 tanta
1472 2925 1684 2977 causa
1728 2910 1866 2987 est,
1914 2906 1998 2966 ut
2039 2914 2223 2991 opus
2276 2891 2368 2959 sit
2408 2883 2715 2958 oratoris

764 3043 975 3140 copia
999 3035 1112 3109 vel
1139 3032 1229 3107 ad
1267 3023 1741 3110 hortandum,
1770 3015 1884 3089 vel
1913 3012 2005 3088 ad
2031 3006 2466 3084 docendum.
2530 3004 2719 3093 Quo-

770 3184 940 3234 rum
984 3174 1334 3256 generum
1384 3150 1463 3219 in
1518 3157 1835 3236 utroque
1876 3155 2199 3231 'magnus
2254 3139 2503 3200 noster
2544 3125 2724 3194 Cato

621 3294 710 3348 n.
780 3293 908 3355 oet.
1005 3270 1371 3367 Quodque
1414 3261 1647 3352 addit,
1706 3280 1962 3331 cataras
1996 3248 2251 3351 populi
2292 3260 2519 3320 teneto
2528 3269 2558 3332 ‚-
2616 3251 2727 3312 est

781 3397 1101 3474 senatori
1129 3388 1613 3463 necessarium
1645 3401 1859 3451 nosse
1890 3397 2046 3446 rem
2079 3367 2441 3469 publicam
2457 3416 2478 3454 ,
2507 3360 2733 3457 idque
2777 3397 2783 3402 ·

791 3639 1101 3725 aerario,
1150 3654 1335 3729 quos
1393 3625 1628 3698 socios
1685 3642 1799 3690 res
1859 3611 2148 3715 publica
2201 3603 2460 3679 habeat
2479 3655 2500 3693 ,
2550 3623 2739 3699 quos

794 3762 1099 3845 amicos,
1133 3773 1319 3849 quos
1348 3740 1883 3845 stipendiarioS,
1915 3758 2062 3831 qua
2087 3731 2399 3827 quisque
2431 3725 2525 3795 sit
2554 3719 2742 3816 lege,

804 3877 1217 3956 conditione
1236 3924 1257 3958 ,
1310 3863 1636 3952 foedere,
1688 3874 1932 3931 tenere
1979 3843 2579 3925 consuetudinem
2625 3835 2749 3910 de·

863 4144 886 4180 ¹
922 4146 1155 4208 agentur.
1226 4136 1250 4172 ²
1286 4127 1501 4183 difficile
1537 4137 1643 4190 em
1680 4135 1776 4177 est.
1848 4125 1872 4159 ²
1902 4137 2004 4172 om·
2030 4119 2166 4187 ipse.
2236 4115 2261 4154 ἱ
2289 4121 2533 4165 actorem.
2603 4106 2629 4146 ⁸
2659 4113 2765 4156 aut.
