3131 5032
1156 452 1299 520 Lm.
1345 451 1410 537 1,
1457 454 1534 538 s,
1586 455 1692 520 24.
1754 456 1765 470 ·
2266 457 2400 522 :345

448 683 670 747 genere
719 660 1054 740 Madvigius
1102 657 1259 718 dixit
1308 659 1436 719 Fin.
1471 678 1534 737 p.
1572 657 1653 719 27
1665 657 1707 738 :)
1746 658 2065 738 potiusque
2097 661 2409 736 existimo,

449 770 513 828 in
562 766 746 827 totius
792 762 1127 825 sententiae
1171 769 1477 822 contracta
1528 760 1721 821 forma
1738 807 1756 837 ,
1798 765 2042 844 agnatio
2075 765 2246 824 nobie
2278 786 2412 826 cum

446 870 789 932 coelestibus
833 900 916 912 —
956 865 1246 946 appellari
1277 876 1509 944 potest,
1549 865 1971 943 accipiendum
2008 886 2131 927 esse
2162 887 2306 946 pro,
2348 866 2415 926 id

445 971 615 1052 quod
665 970 841 1031 nobis
889 987 1031 1028 cum
1071 966 1189 1026 diis
1223 965 1547 1027 intercedit
1585 967 1879 1028 eiusmodi
1912 976 2035 1044 est,
2077 978 2146 1029 ut
2173 970 2269 1028 vel
2306 987 2415 1046 ag-

448 1075 614 1136 natio
647 1106 730 1118 —
776 1070 1065 1153 appellari
1105 1069 1305 1148 possit.
1387 1068 1516 1130 rin.
1568 1069 1657 1146 11,
1700 1074 1768 1147 5,
1815 1070 1926 1146 16,
1968 1073 2221 1152 appellat
2264 1072 2417 1131 hauc

449 1178 676 1239 dulcem
709 1178 777 1235 ia
811 1186 1003 1250 motu,
1046 1174 1089 1233 i.
1123 1193 1178 1234 e.
1216 1180 1285 1232 ut
1319 1171 1396 1231 sit
1427 1172 1703 1252 voluptas
1736 1174 1802 1232 in
1840 1182 2029 1235 motu.
2122 1174 2317 1235 Divin.
2355 1174 2419 1249 1,

455 1282 567 1359 50,
602 1281 752 1355 112,
781 1280 1008 1339 nullam
1042 1297 1240 1336 eorum
1273 1278 1704 1336 divinationem
1722 1298 1893 1352 voco,
1930 1277 1972 1337 i.
1993 1298 2047 1338 e.
2068 1277 2224 1336 nihil
2251 1277 2417 1356 quod

450 1384 551 1442 isti
584 1383 997 1461 praesentiunt
1027 1378 1414 1438 divinationis
1435 1378 1682 1437 homine
1712 1397 1877 1438 voco,
1960 1378 2090 1438 Nat.
2110 1378 2175 1439 1).
2197 1378 2288 1454 11,
2315 1379 2419 1453 20,

450 1485 559 1561 51,
615 1505 866 1564 quarum
920 1503 993 1541 ex
1050 1482 1387 1561 disparibus
1444 1481 1803 1540 motionibus
1862 1501 2140 1562 maguum
2196 1503 2420 1542 aunum

449 1585 851 1645 mathematici
899 1585 1372 1643 nominaverunt.
1424 1615 1504 1626 -—
1554 1580 1705 1640 Cum
1758 1582 2036 1659 sequenti
2090 1584 2417 1658 sententia,

457 1706 649 1747 unum
697 1684 1005 1748 hominem
1040 1685 1268 1745 habere
1313 1683 1579 1763 aliquam
1616 1682 1895 1743 notitiam
1928 1682 2059 1759 dei,
2094 1684 2247 1744 haec
2282 1705 2420 1747 con·

457 1789 682 1870 spirant
729 1788 988 1849 Platonis
1023 1787 1257 1866 Protag.
1301 1806 1361 1865 p.
1396 1785 1536 1846 322.
1571 1784 1644 1845 A.
1681 1787 1886 1859 ἐπειδή
1926 1785 1993 1845 δὲ
2036 1791 2069 1846 o‘
2110 1788 2421 1867 ἅνθρωπος

456 1899 635 1960 θείας
661 1895 911 1969 μετέσχε
939 1898 1175 1970 μοίρας,
1209 1895 1435 1969 πρῶτον
1469 1888 1578 1966 μὲν
1618 1893 1719 1949 oui
1750 1893 1851 1964 τήν
1888 1900 1993 1951 τοῦ
2029 1897 2182 1952 θεοῦ
2220 1895 2415 1971 συγγέ·

453 2020 617 2057 vetar
659 1998 817 2062 ζώων
856 2000 1038 2074 μόνον
1079 1999 1265 2059 θεοὺς
1301 1994 1560 2070 ἐνόμισε.

530 2099 796 2178 ipsisque
842 2100 912 2156 ia
962 2096 1303 2156 homiuibus
1351 2096 1518 2155 nulla
1561 2116 1712 2177 gens
1765 2095 1873 2178 est)
1955 2097 2111 2171 Quas
2162 2098 2420 2158 Moserus

454 2200 778 2281 diligenter
825 2199 1093 2261 enotavit
1141 2200 1458 2260 varietates
1508 2198 1783 2259 lectionis
1801 2246 1821 2276 ‚
1879 2200 2126 2261 eaedem
2172 2210 2312 2261 sunt
2355 2202 2420 2262 in

457 2306 607 2365 meis
657 2305 858 2365 libris:
898 2303 1004 2364 sed
1058 2304 1124 2363 in
1177 2302 1334 2365 Voss.
1376 2302 1429 2362 A
1464 2310 1527 2363 et
1560 2302 1607 2362 B
1648 2303 1961 2363 manifesto
2003 2305 2152 2384 ipsis
2186 2324 2422 2365 erasum

457 2416 577 2468 est:
636 2407 802 2486 quod
852 2407 917 2466 in
971 2406 1105 2467 aliis
1153 2414 1241 2465 est
1271 2406 1341 2465 de
1376 2407 1559 2485 ipsis,
1603 2413 1958 2483 corruptum
1994 2426 2069 2465 ex
2105 2409 2203 2466 dei
2236 2410 2385 2488 ipsis
2403 2454 2422 2484 ‚

458 2510 728 2591 indeque
791 2510 1059 2591 reliquae
1118 2508 1515 2588 corruptelae.
1618 2507 1734 2568 Sed
1795 2528 1920 2568 non
1974 2516 2240 2595 poterat,
2300 2511 2425 2570 istis

458 2614 719 2688 omissis,
778 2614 977 2675 statim
1011 2613 1267 2691 abrupte
1300 2613 1514 2672 subiici
1547 2612 1714 2671 nulla
1741 2632 1890 2694 gem
1922 2620 2067 2673 cet.:
2109 2633 2426 2693 quumque

455 2716 704 2777 dixisset
732 2712 929 2778 solum
960 2715 1273 2776 hominem
1305 2715 1406 2775 dei
1447 2714 1673 2775 habere
1703 2715 1977 2775 notitiam
1997 2760 2016 2791 ,
2058 2716 2213 2776 illud
2248 2736 2425 2795 prae-

455 2828 620 2882 terea
658 2819 1077 2881 affirmandum
1114 2827 1244 2880 erat
1263 2865 1279 2889 ‚
1320 2818 1525 2878 addita
1558 2840 1671 2899 qus
1696 2818 1772 2879 ad
1806 2819 1982 2899 ipsis,
2023 2820 2266 2880 nullum
2302 2841 2427 2881 esse

456 2921 771 2983 hominem
803 2922 915 3001 qui
947 2940 1071 2981 non
1110 2920 1381 2980 haberet.

536 3045 726 3106 nequo
777 3034 901 3084 tam
950 3026 1368 3099 immansueta,
1425 3043 1612 3103 nsque
1665 3034 1786 3083 tam
1817 3021 1990 3104 fera)
2082 3023 2170 3084 De
2213 3025 2424 3085 iterata

455 3124 722 3207 negandi
781 3123 1080 3203 particula
1136 3131 1267 3204 post
1325 3123 1672 3203 generalem
1734 3126 2117 3203 negationem
2171 3124 2424 3208 (nulla),

455 3248 635 3310 saepe
665 3227 995 3309 disputavit
1026 3226 1356 3306 Madvigius
1390 3226 1469 3287 ad
1500 3227 1687 3288 libros
1716 3227 1794 3287 de
1828 3228 2098 3287 Finibus:
2139 3236 2428 3308 recteque

455 3341 769 3414 μεθίετε
813 3330 1156 3393 ochsnerus
1201 3329 1280 3390 ad
1331 3330 1456 3391 Ecl.
1496 3329 1617 3391 Cic.
1651 3349 1713 3409 p.
1754 3330 1853 3391 22.
1889 3331 2147 3391 ostendit
2179 3351 2290 3410 per
2320 3352 2427 3391 ne-

454 3455 567 3517 quo
591 3467 677 3481 —
701 3454 890 3515 nequo
916 3452 990 3493 ea
1014 3451 1260 3512 quoque
1288 3432 1555 3513 disiungi
1582 3453 1694 3512 per
1723 3433 2194 3495 cumulationem
2215 3480 2235 3511 ‚
2269 3454 2429 3514 quae

456 3536 728 3598 eiusdem
773 3536 1013 3617 generis
1053 3536 1175 3595 sint
1190 3582 1209 3612 ‚
1250 3535 1512 3615 ideoque
1548 3535 1774 3595 servari
1809 3556 1977 3615 posse
2008 3539 2426 3615 immansueta,

457 3658 606 3720 prae
630 3640 1002 3701 deteriorum
1033 3639 1332 3700 librorum
1362 3639 1623 3700 lectione
1655 3651 1978 3701 mansueta.
2059 3640 2427 3702 Addendum

456 3750 550 3805 est
565 3787 588 3819 ,
624 3741 878 3804 stultum
909 3741 1066 3823 quid
1101 3743 1402 3804 contineri
1434 3744 1544 3803 ista
1581 3743 1842 3804 lectione
1859 3789 1879 3820 ‚
1918 3743 2152 3804 nullam
2185 3754 2428 3823 gentem

458 3853 588 3906 tam
618 3853 992 3907 mmmm
1022 3865 1183 3921 esse,
1224 3844 1376 3924 quin
1407 3876 1507 3906 -.
1539 3845 1799 3906 Mooerus
1826 3855 2031 3907 tamen
2061 3847 2427 3907 verissimam

457 3947 790 4011 lectionum
807 3946 952 4010 ideo
976 3948 1367 4010 deserendam
1392 3949 1657 4028 putavit,
1687 3948 1854 4028 quod
1888 3962 2009 4009 tam
2036 3968 2160 4008 non
2189 3949 2427 4009 iterare·

460 4057 564 4112 tur
591 4049 661 4111 in
681 4049 973 4112 similium
996 4051 1421 4112 disiunctione.
1503 4052 1728 4127 Quem,
1769 4071 1969 4130 spero,
1994 4049 2147 4110 haec
2179 4049 2430 4110 meliora

461 4152 801 4216 docebunt:
838 4153 969 4216 rin.
1007 4154 1106 4231 11,
1147 4152 1261 4230 20,
1302 4152 1417 4229 65,
1457 4173 1564 4213 asc
1602 4163 1796 4212 tamea
1832 4152 1941 4212 itta
1971 4153 2275 4232 superiora
2307 4162 2428 4213 tam
