3131 5032
1063 435 1201 501 Lu.
1251 434 1319 519 1,
1377 437 1485 519 11,
1534 437 1645 503 31.
2203 438 2328 533 365

369 654 736 725 postremum
784 643 991 703 locum
1035 662 1237 721 neque
1268 643 1650 703 intellectum
1686 662 1810 703 csse
1826 688 1845 718 ‚
1888 650 1948 702 et
1983 639 2339 722 corrigendo

370 748 612 827 penitus
660 743 970 822 corrumpi
1022 762 1058 804 a
1108 743 1466 820 Goerenzio,
1526 743 1705 805 video
1749 764 1918 804 nunc
1961 764 1997 804 a
2042 743 2340 822 Madvigio

370 869 616 930 quoque
668 848 1140 906 demonstratum
1194 865 1320 906 esse
1336 893 1354 922 ‚
1411 867 1445 906 a
1490 866 1613 926 quo
1659 857 1859 907 tamen
1900 847 1986 907 ita
2021 846 2304 906 dissentio
2325 892 2344 922 ‚

372 953 616 1035 (Klotzii
667 959 728 1011 et
771 951 1001 1010 Ottonis
1049 949 1287 1010 libellos
1335 949 1630 1029 inspicere
1665 971 1789 1010 non
1822 947 2019 1030 potui)
2058 958 2123 1009 ut
2158 950 2343 1009 verba

373 1059 473 1116 sin
511 1067 708 1115 autem
739 1065 824 1112 est
861 1056 930 1111 in
970 1075 1038 1113 ea
1074 1053 1398 1131 accipiam,
1437 1056 1537 1112 sin
1576 1053 1844 1134 voluptas
1874 1064 1957 1112 ese
1993 1055 2063 1111 in
2094 1065 2340 1127 natura,

376 1161 416 1220 i.
458 1179 513 1219 e.
549 1160 615 1218 in
643 1156 815 1218 bonis
844 1164 1124 1216 naturae:
1166 1176 1324 1235 quae
1353 1156 1689 1235 permutari
1715 1176 1882 1235 posse
1914 1157 2075 1215 inter
2108 1175 2171 1215 se
2199 1154 2344 1213 inde

376 1270 661 1342 apparet,
701 1261 866 1341 quod
904 1268 967 1320 et
999 1271 1273 1319 naturam
1308 1260 1531 1339 expleri
1553 1260 1728 1343 (ibid.
1759 1259 1827 1336 9,
1867 1257 1972 1338 25)
2004 1266 2065 1318 et
2094 1258 2343 1338 expletio

376 1377 623 1425 murae
659 1364 795 1447 (14,
837 1362 942 1444 40)
976 1363 1221 1424 dicitur.
1304 1363 1427 1423 Nec
1459 1383 1602 1423 sane
1637 1363 1704 1422 in
1727 1362 2010 1441 Madvigii
2041 1362 2347 1439 interpre-

381 1470 605 1528 tatione
640 1469 778 1527 satis
807 1467 1053 1543 diserta,
1084 1486 1200 1526 nec
1235 1465 1494 1545 diligens
1525 1474 1615 1526 est
1647 1465 1959 1545 oppositio.
2042 1465 2165 1525 Hoc
2201 1483 2348 1543 quo·

383 1591 507 1650 que
554 1570 867 1648 ignorabat
904 1570 1298 1644 Goerenzius,
1354 1570 1631 1649 quidam,
1690 1578 1761 1629 ut
1809 1588 1921 1648 per
1972 1575 2346 1629 contemtum

382 1674 617 1733 dictum
633 1719 653 1749 ‚
691 1672 905 1732 referri
954 1672 1032 1732 ad
1080 1672 1404 1751 Epicureos
1413 1718 1432 1747 ,
1484 1672 1642 1733 sicut
1674 1672 1835 1733 Lael.
1872 1672 1946 1732 13
1966 1718 1984 1748 ,
2029 1671 2127 1732 45.
2176 1671 2346 1731 Tusc.

383 1779 481 1854 11,
522 1777 597 1854 3,
634 1776 693 1837 7.
734 1776 888 1835 Sext.
936 1775 1041 1850 10,
1081 1775 1181 1837 23.

463 1881 724 1940 levitatis
753 1881 1055 1939 stenimet
1079 1881 1399 1939 suavitatis
1424 1880 1716 1940 delectans
1744 1881 1835 1939 sic
1861 1879 1936 1938 ab
1964 1899 2152 1939 errore
2183 1897 2348 1936 men-

381 1988 461 2045 tis
490 1981 598 2065 —-)
676 1983 1022 2062 Superiores
1055 1982 1420 2061 Interpretes
1455 2003 1670 2061 parum
1712 1981 2081 2043 satisfaciunt
2117 1982 2184 2040 in
2215 1981 2350 2040 loco

380 2087 588 2146 multis
621 2085 816 2146 modis
850 2105 884 2144 a
920 2085 1182 2144 librariis
1211 2093 1458 2146 vexato:
1502 2086 1609 2145 sed
1643 2106 1723 2144 ne
1755 2085 1913 2145 illud
1946 2084 2194 2165 quidem
2228 2103 2350 2142 am-

383 2190 648 2269 plector,
689 2188 855 2268 quod
889 2188 1184 2266 Madvigio
1219 2188 1286 2247 in
1322 2187 1691 2266 Programm.
1726 2188 1893 2249 laud.
1936 2209 1996 2267 p.
2034 2186 2072 2247 8
2107 2186 2351 2246 videba-

387 2301 522 2369 tur,
561 2294 914 2352 lacunosum
943 2311 1067 2351 esse
1097 2291 1300 2351 locum
1329 2301 1676 2370 propterea,
1715 2291 1881 2370 quod
1908 2292 1974 2350 in
2001 2290 2142 2351 Cod.
2164 2290 2349 2350 Havn.

385 2397 545 2456 inter
595 2396 911 2454 suavitatis
962 2402 1023 2453 et
1072 2394 1362 2454 delectans
1395 2413 1658 2452 vacuum
1689 2394 1948 2472 spatium
1977 2401 2127 2452 esset
2160 2391 2349 2450 trium

385 2497 836 2561 vocabulorum.
916 2497 1061 2572 Quis
1089 2497 1254 2557 enim
1286 2497 1518 2575 ignorat
1546 2516 1723 2576 saepe
1754 2497 2143 2574 integerrima
2171 2514 2353 2575 quae·

384 2622 506 2681 que
531 2602 597 2660 in
623 2599 807 2661 codd.
842 2599 985 2662 MSS.
1014 2620 1206 2661 vacuo
1232 2602 1421 2679 spatio
1449 2599 1744 2659 distrahi?
1787 2600 1961 2659 cuius
1986 2599 2078 2659 rei
2108 2607 2169 2658 et
2199 2598 2351 2657 aliae

383 2725 594 2766 causae
642 2703 967 2782 excogitari
1019 2712 1300 2783 possunt,
1341 2712 1405 2763 et
1454 2704 1672 2763 vitium
1711 2701 2017 2782 quoddam
2053 2703 2118 2761 in
2155 2723 2351 2761 mem-

385 2809 594 2869 brana.
674 2807 917 2867 Servavi
950 2809 1200 2884 etenim,
1241 2807 1406 2886 quod
1435 2827 1595 2866 unus
1624 2815 1683 2866 et
1710 2808 1862 2866 alter
1897 2805 1974 2865 de
1999 2807 2147 2866 meis
2178 2805 2351 2864 libris

386 2910 706 2984 exhibent,
764 2909 1040 2969 sollemni
1093 2928 1263 2968 more
1307 2916 1511 2987 postea
1544 2916 1901 2985 corruptum
1937 2908 2001 2966 in
2036 2918 2119 2966 ese
2156 2909 2315 2965 enim
2331 2951 2351 2981 ,

385 3021 494 3074 aut
527 3014 686 3071 enim
726 3022 817 3087 et,
857 3021 962 3071 aut
994 3013 1155 3071 enim
1188 3023 1290 3071 set.
1332 3011 1483 3071 Tum
1516 3010 1984 3083 substantivum,
2018 3029 2052 3068 a
2093 3028 2217 3087 quo
2251 3028 2350 3087 ge-

384 3118 648 3178 nitivum
673 3115 940 3194 pendere
965 3123 1241 3194 oportere
1265 3114 1422 3175 bene
1446 3113 1602 3173 vidit
1628 3113 1988 3192 Madvigius,
2017 3112 2349 3189 deprehen·

384 3221 539 3282 disse
583 3220 740 3280 mihi
772 3219 982 3280 videor
1026 3220 1092 3279 in
1125 3227 1412 3297 corrupto
1447 3218 1737 3278 delectans
1753 3262 1771 3291 ,
1814 3216 1980 3295 quod
2014 3214 2195 3276 nihili
2226 3221 2345 3274 est:

383 3343 609 3405 repono
637 3325 882 3385 delectu.
959 3322 1212 3402 Requiri
1239 3331 1442 3383 autem
1466 3320 1814 3382 huiusmodi
1837 3319 2193 3394 ablativum,
2225 3337 2349 3397 quo

384 3429 689 3490 indicetur
721 3426 1020 3487 iudicium
1045 3426 1210 3504 quod
1240 3426 1433 3486 secuti
1456 3425 1731 3485 homines
1762 3424 2161 3503 voluptatem,
2202 3430 2349 3481 tam·

388 3552 574 3611 quam
625 3531 882 3592 salutare
927 3528 1194 3607 aliquid,
1238 3526 1600 3602 adsciscant,
1660 3532 1940 3603 apparet,
1982 3525 2193 3603 opinor
2211 3570 2230 3600 ‚
2272 3543 2348 3583 ex

390 3633 624 3695 adiecto
657 3620 791 3710 εἰσ,
843 3631 1011 3713 quod
1059 3631 1312 3691 minime
1364 3627 1708 3708 explicandi
1739 3647 1917 3687 causa
1953 3635 2060 3687 aut
2092 3625 2350 3687 demon-

387 3735 621 3799 strandi
651 3734 746 3796 ad
788 3735 1067 3816 particip.
1112 3734 1400 3793 delectans
1436 3732 1743 3793 adiectum
1777 3751 1904 3791 esse
1940 3738 2166 3809 potest,
2208 3730 2345 3806 sed,

388 3860 536 3901 cum
583 3838 938 3900 nanciscitur
981 3836 1375 3898 coniunctum
1392 3880 1410 3910 ‚
1468 3834 1534 3893 in
1584 3830 1906 3913 praecedd.
1956 3831 2216 3909 requirit
2243 3830 2307 3890 id
2323 3876 2344 3906 ,

388 3963 516 4024 quo
544 3939 762 4002 modus
791 3938 1159 4002 admiscendi
1192 3937 1553 3998 declaretur.
1636 3936 1865 4015 Igitur,
1905 3933 2173 4013 voluptas
2203 3933 2344 3992 lovi·

387 4048 532 4109 tatis
561 4044 787 4105 delectu
819 4044 1174 4104 adsciscitur
1200 4042 1361 4102 nihil
1392 4041 1561 4101 aliud
1586 4047 1699 4116 est,
1733 4038 1848 4099 nisi
1871 4036 2036 4116 quod
2064 4036 2348 4117 deligitur

385 4150 456 4211 id
501 4148 660 4229 quod
705 4147 1105 4208 laevim'mum
1149 4157 1252 4207 ese.
1351 4144 1744 4206 Goerenzium
1763 4188 1782 4218 ‚
1834 4140 1947 4219 qui
1975 4139 2221 4218 putabat
2251 4140 2345 4200 εἰσ

2307 4238 2336 4274 s
