3131 5032
568 1112 628 1164 31
639 1146 656 1164 .

524 3162 589 3214 Xl
597 3162 666 3213 11.

577 3232 664 3283 32.

1662 413 1754 483 51}

724 632 938 701 sacris
1002 630 1314 725 praesint
1367 623 1837 696 sollennibus:
1903 620 1995 692 ad
2055 619 2676 718 interpretandum

723 749 841 819 alii
880 744 1243 845 praedicta
1278 757 1560 832 vatum,
1611 763 1852 837 neque
1888 738 2317 828 multorum,
2369 762 2461 811 ne
2492 754 2677 812 esset

726 864 1125 953 infinitum,
1176 886 1415 959 neque
1463 875 1544 932 ut
1593 885 1676 932 ea
1720 862 1903 958 ipsa,
1954 882 2142 955 quae
2179 873 2507 957 suscepta
2542 885 2676 958 pu·

723 982 913 1055 blice
946 997 1216 1072 essent,
1255 984 1638 1078 quisquam
1674 994 1873 1051 extra
1911 977 2288 1075 collegium
2325 993 2587 1050 nosset.

821 1107 1214 1175 Maximum
1274 1114 1519 1172 autem
1582 1111 1654 1170 et
1716 1100 2407 1197 praestantissimum
2466 1100 2541 1168 in
2597 1123 2678 1169 re

723 1222 1012 1321 publica
1064 1226 1175 1292 ius
1228 1234 1336 1293 est
1382 1242 1741 1316 augurum
1781 1240 1948 1289 cum
1982 1218 2410 1288 auctoritate
2436 1226 2458 1263 ¹
2512 1240 2682 1288 con-

722 1346 1073 1413 iunctum.
1172 1342 1427 1435 Neque
1473 1361 1647 1409 vero
1679 1334 1822 1408 hoc
1853 1338 2021 1432 quia
2061 1360 2221 1408 sum
2260 1339 2412 1434 ipse
2450 1360 2682 1433 augur

724 1466 822 1533 ita
854 1463 1119 1549 sentio,
1152 1458 1278 1530 sed
1310 1461 1480 1554 quia
1505 1460 1610 1529 sic
1637 1459 2038 1528 existimare
2070 1479 2205 1526 nos
2234 1469 2341 1527 est
2369 1478 2679 1527 necesse.

722 1580 918 1671 Quid
946 1584 1137 1651 enim
1166 1582 1391 1651 maius
1419 1592 1557 1667 est,
1591 1581 1652 1648 si
1680 1577 1769 1648 de
1796 1578 1952 1648 iure
1980 1577 2426 1672 quaerimus,
2460 1600 2681 1671 quam

723 1726 935 1800 posse
979 1726 1022 1771 a
1064 1703 1360 1771 summis
1395 1700 1715 1796 imperiis
1750 1710 1823 1767 et
1861 1699 2162 1767 summis
2201 1694 2681 1794 potestatibus

726 1823 1135 1892 comitiatus
1173 1832 1246 1889 et
1284 1816 1588 1887 concilia
1621 1814 1735 1886 vel
1773 1818 2099 1886 instituta
2129 1813 2531 1903 dimittere,
2568 1813 2679 1885 vel

725 1937 970 2010 habita
1008 1933 1462 2008 rescindere?
1509 1932 1708 2023 Quid
1742 1936 2064 2030 graviuS,
2100 1958 2319 2029 quam
2355 1958 2507 2005 rem
2545 1959 2686 2005 sus-

724 2072 1006 2156 ceptam
1036 2054 1314 2144 dirimi,
1348 2056 1408 2124 si
1440 2078 1630 2125 unus
1658 2078 1891 2151 augur
1915 2052 2059 2124 alio
2082 2063 2108 2101 ²
2145 2051 2454 2126 dixerit?
2487 2053 2684 2144 Quid

726 2174 1343 2274 magnificentius,
1392 2196 1615 2268 quam
1649 2197 1856 2270 posse
1898 2171 2285 2245 decernere
2318 2188 2399 2245 ut
2434 2178 2686 2272 magis-

725 2310 916 2369 tratu
977 2318 1054 2365 se
1121 2292 1456 2366 abdicent
1524 2291 1904 2364 consules?
1983 2291 2177 2383 Quid
2246 2293 2683 2393 religiosiuS,

727 2440 949 2512 quam
1007 2438 1174 2485 cum
1229 2412 1536 2511 populo,
1588 2435 1756 2483 cum
1811 2409 2025 2510 plebe
2077 2413 2336 2509 agendi
2390 2417 2504 2484 ius
2559 2428 2684 2486 aut

726 2536 931 2624 dare,
983 2549 1108 2607 aut
1165 2557 1314 2604 non
1376 2531 1594 2604 dare?
1643 2530 1869 2621 Quid,
1918 2531 2152 2630 legem
2214 2535 2274 2604 si
2333 2558 2481 2604 non
2526 2538 2687 2606 iure

730 2668 976 2751 rogata
1015 2668 1122 2726 est
1159 2652 1455 2724 tollere?
1504 2667 1588 2723 ut
1617 2654 1877 2724 Titiam
1910 2651 2203 2724 decreto
2237 2653 2556 2753 collegii,
2604 2672 2689 2727 ut

729 2777 959 2846 Livias
992 2772 1287 2844 consilio
1318 2772 1664 2871 Philippi,
1700 2771 2015 2844 consulis
2046 2786 2118 2844 et
2148 2778 2474 2871 auguris:
2512 2774 2691 2846 nihil

731 2895 962 2982 domi,
1014 2892 1197 2964 nihil
1228 2893 1522 2965 militiae
1556 2917 1690 2990 per
1728 2894 2181 2988 magistratus
2217 2907 2498 2988 gestum
2532 2898 2690 2967 sine

733 3039 989 3087 eorum
1026 3017 1452 3086 auctoritate
1490 3035 1704 3110 posse
1742 3014 2079 3107 cuiquam
2119 3009 2460 3109 probari?

790 3140 927 3206 Att.
1035 3137 1208 3228 Age,
1242 3135 1383 3203 iam
1415 3133 1548 3203 ista
1576 3129 1788 3202 video
1817 3128 2196 3228 fateorque
2226 3156 2378 3203 esse
2411 3157 2689 3231 magna.

734 3253 870 3326 Sed
910 3266 1015 3324 est
1053 3255 1129 3321 in
1157 3250 1459 3348 collegio
1487 3264 1729 3322 vestro
1765 3254 1957 3322 inter
1990 3251 2411 3324 Marcellum
2442 3267 2515 3324 et
2551 3259 2692 3351 Ap-

735 3376 939 3473 pium
995 3376 1308 3470 optimos
1366 3395 1675 3468 augures
1725 3394 1981 3469 magna
2040 3370 2407 3444 dissensio,
2507 3376 2690 3444 Nam

736 3517 991 3565 eorum
1034 3516 1169 3589 ego
1217 3494 1291 3561 in
1335 3490 1558 3562 libros
1603 3490 1854 3581 incidi,
1903 3515 2135 3587 quum
2179 3491 2384 3564 alteri
2415 3492 2689 3591 placeat

736 3615 1051 3712 auspicia
1081 3616 1213 3685 ista
1250 3610 1341 3683 ad
1378 3610 1759 3683 utilitatem
1791 3635 1947 3683 esse
1983 3615 2085 3683 rei
2124 3610 2458 3710 publicae
2498 3636 2694 3683 com-

735 3737 964 3830 posita
990 3786 1010 3820 ,
1059 3730 1264 3804 alteri
1325 3730 1702 3830 disciplina
1762 3745 1993 3804 vestra
2052 3736 2260 3829 quasi
2323 3732 2624 3805 divinari
2660 3744 2687 3782 ³

739 3853 1066 3925 videatur
1119 3875 1414 3951 prorsus
1480 3876 1712 3950 posse.
1812 3857 1958 3924 Hac
2016 3865 2096 3925 tu
2140 3851 2235 3925 de
2291 3878 2368 3925 re
2416 3877 2693 3950 quaero

759 4030 866 4037 ,“--
899 4027 1100 4035 -———
1115 4026 1208 4036 0—-

804 4117 817 4150 1
857 4131 1018 4180 quum
1056 4124 1130 4164 est
1167 4118 1464 4167 auctoritati.
1539 4120 1560 4154 2
1597 4116 1702 4167 alio
1734 4113 1840 4166 die.
1914 4120 1936 4154 ⁸
1972 4115 2224 4168 divinare·
