3131 5032
701 505 819 549 vm

704 687 967 754 fortasse
986 736 1003 766 ,
1049 683 1230 751 cuius
1266 680 1550 751 difficilis
1593 683 1914 752 excmatio
1942 698 2070 764 est,
2117 684 2186 750 in
2224 697 2408 752 tanta
2444 684 2669 752 dome·

705 798 1011 865 sticarum
1059 796 1389 886 eopiarum
1434 795 1762 874 ubertate,
1809 795 2066 886 ingrato
2108 796 2458 864 alienarum
2479 847 2497 877 ,
2556 818 2671 884 per

699 909 887 999 plura
920 906 1243 975 volumina
1276 906 1699 996 dispersarum
1720 957 1740 987 ,
1785 907 2292 998 colligendarum
2329 929 2669 975 recensen-

703 1021 1067 1109 darumque
1083 1018 1344 1110 negotio
1356 1019 1763 1086 committere
1785 1041 1890 1086 me
1905 1018 2106 1088 nolui.
2141 1022 2361 1108 Neque
2374 1019 2673 1110 profecto

699 1132 822 1200 boc
853 1154 1165 1221 umquam
1199 1132 1513 1221 spectavi,
1561 1144 1640 1198 ut
1674 1153 1813 1198 mea
1847 1131 2047 1199 editio
2081 1130 2493 1199 instrumenti
2525 1151 2670 1220 per·

700 1243 979 1311 fectione
1024 1243 1290 1310 aliarum
1339 1266 1525 1309 usum
1574 1243 1946 1311 excluderet
1964 1294 1983 1325 ,
2029 1267 2305 1334 quarum
2353 1244 2524 1312 bona
2557 1265 2670 1309 en·-

702 1376 1027 1445 eerperem
1061 1370 1129 1422 et
1163 1357 1249 1421 ad
1288 1377 1454 1421 meas
1483 1354 1740 1421 chartas
1773 1354 2259 1445 locupletandas
2288 1355 2669 1424 conferrem.

702 1468 912 1549 Quam
954 1484 1188 1555 anceps
1232 1480 1299 1533 et
1337 1463 1723 1554 impeditum
1753 1464 1836 1531 sit
1869 1463 2246 1532 institutum
2279 1463 2667 1532 ciceroniani

700 1577 906 1667 operis
936 1578 1060 1645 rite
1087 1577 1327 1645 edendi
1361 1576 1563 1666 probe
1594 1598 1865 1666 gnarus,
1901 1599 2142 1666 neque,
2189 1576 2371 1667 quod
2387 1575 2669 1666 squidem

700 1690 1022 1758 constanti
1093 1702 1163 1755 et
1229 1689 1539 1756 diuturna
1622 1687 2129 1778 intelligentium
2206 1688 2676 1778 approbatione

700 1802 977 1892 dignum
1003 1801 1122 1883 sit,
1171 1801 1386 1879 uniuS,
1430 1799 1545 1866 sed
1581 1798 1936 1866 multorum
1967 1798 2227 1889 ingenio
2255 1813 2325 1867 et
2357 1798 2671 1867 industria

698 1912 1166 2002 perficiendum
1200 1934 1329 1978 esse
1363 1910 1682 1990 iudicans,
1729 1909 1897 1980 volui
1936 1933 2104 1978 unus
2134 1932 2210 1979 ex
2249 1910 2471 1979 multis
2502 1934 2671 1990 esse,

695 2024 809 2114 qui
841 2024 1076 2115 quibus
1122 2023 1718 2114 opportunitatibus
1765 2022 2160 2089 emendandi
2193 2021 2292 2089 uti
2324 2021 2672 2111 potuissem

698 2134 998 2203 nondum
1032 2135 1180 2202 satis
1214 2134 1299 2201 ab
1330 2132 1464 2200 aliis
1497 2132 1848 2222 usurpatis,
1895 2153 1999 2198 eas
2039 2130 2110 2197 in
2137 2138 2490 2199 'commune
2514 2153 2676 2201 con-.-

695 2246 930 2313 ferrem
953 2297 971 2326 ,
1018 2246 1316 2314 adhibito
1350 2267 1427 2313 eo
1448 2244 1787 2313 doctrinae
1818 2245 2055 2324 modo,
2101 2265 2305 2334 eaque
2339 2244 2673 2317 iudicandi

694 2357 1007 2426 facultate
1024 2409 1043 2439 ,
1090 2381 1288 2449 quam
1316 2356 1477 2423 mihi
1506 2356 1605 2423 vel
1636 2370 1866 2423 natura
1902 2355 2260 2438 tribuisset,
2296 2356 2393 2423 vel
2423 2355 2671 2446 aliquot

694 2491 1015 2538 annorum
1047 2468 1364 2538 industria
1388 2468 1863 2537 conciliavisset.
1939 2472 2350 2560 Quapropter
2371 2467 2672 2539 continui

693 2604 803 2648 me
844 2581 1014 2648 intra
1050 2581 1314 2663 Davisii,
1362 2581 1608 2648 Ernesti
1629 2632 1646 2661 ,
1689 2581 2058 2661 Goeoenzfi,
2105 2581 2323 2650 Moneri
2351 2595 2421 2649 et
2448 2580 2668 2649 Orellii

692 2692 1008 2761 editiones
1027 2744 1045 2774 ,
1093 2715 1179 2760 ne
1209 2692 1547 2760 oxoniensi
1588 2691 1858 2781 quidem
1902 2708 2117 2784 spreta
2137 2744 2155 2774 ,
2203 2715 2416 2783 neque
2451 2706 2672 2761 tamen
2742 2679 2750 2695 '

694 2803 785 2873 ita
835 2816 918 2872 ut
946 2803 1274 2896 quiequid
1306 2803 1411 2870 ‘illi
1456 2804 1555 2871 vel
1599 2827 1675 2871 ex
1724 2804 2099 2887 codicibus,
2154 2805 2253 2873 vel
2301 2827 2379 2873 ex
2413 2803 2674 2872 vetustis

692 2916 1099 2986 Editionibus
1128 2915 1826 2999 commemoravissent‚
1863 2931 2218 3007 repeterem
2233 2969 2251 2997 ‚
2281 2917 2396 2984 sed
2426 2929 2503 2985 ut
2527 2927 2672 2984 ute-

694 3051 834 3107 rer,
880 3029 943 3095 si'
983 3029 1146 3119 quid
1190 3030 1274 3095 ad
1318 3051 1535 3097 meum
1587 3028 1895 3096 iudicium
1945 3029 2306 3119 regendum
2340 3029 2674 3117 pertinere

696 3140 1039 3210 videretur.
1130 3141 1497 3208 Accedebat
1527 3139 1648 3206 alia
1682 3138 1987 3230 cogitatio
2003 3189 2022 3220 ,
2054 3162 2222 3229 quae
2255 3162 2362 3207 me
2392 3162 2430 3207 a
2457 3139 2676 3209 nescio

696 3274 829 3341 quo
863 3252 1129 3341 perfecti
1158 3265 1228 3319 et
1259 3250 1529 3319 absoluti
1563 3249 1770 3341 operis
1801 3249 2127 3317 efficiendi
2153 3251 2418 3321 consilio
2448 3253 2674 3320 deter-

698 3377 889 3431 reret.
983 3365 1143 3430 Nam
1188 3386 1323 3432 non
1358 3376 1616 3431 tantum
1656 3363 1739 3431 ab
1772 3358 1908 3430 aliis
1941 3363 2352 3446 admonitus,
2395 3365 2512 3432 sed
2539 3364 2677 3455 ipse

698 3488 997 3565 expertus
1047 3496 1344 3543 noveram
1363 3524 1381 3555 ,
1418 3496 1615 3563 quam
1661 3470 2066 3564 negligenter
2092 3472 2373 3542 subinde
2401 3474 2674 3542 Davisius

699 3600 770 3655 et
793 3588 1093 3660 Erttestus
1120 3600 1188 3653 et
1214 3584 1605 3654 Goerenzius
1626 3584 1697 3651 in
1710 3583 2017 3653 varietate
2036 3584 2327 3654 lectionis
2346 3585 2674 3656 enotanda

701 3697 930 3765 versati
978 3711 1222 3765 essent:
1269 3698 1491 3788 itaque
1532 3711 1853 3790 praestare
1883 3696 2319 3765 existimabam
2350 3697 2399 3763 si
2431 3696 2676 3786 praeci-

700 3833 832 3900 pue
870 3809 1137 3900 quidem
1185 3809 1365 3900 apud
1413 3830 1519 3876 me
1561 3809 1802 3876 valeret
1832 3832 2054 3878 earum
2082 3808 2410 3899 copiarum
2440 3822 2673 3877 aucto—

705 3921 899 4002 rita3,
946 3945 1109 4012 quas
1156 3921 1252 3989 vel
1294 3922 1429 4012 ipse
1471 3922 1800 4011 explorant
1841 3922 2226 4012 potuissem,
2271 3920 2368 3987 vel
2416 3921 2502 3988 ab
2539 3921 2678 4048 aliis

701 4032 1168 4102 accuratissime
1210 4035 1549 4125 indagatas
1593 4055 1862 4102 nossem.

796 4145 957 4213 Hinc
998 4143 1198 4235 igitur
1230 4168 1525 4213 mancam
1558 4145 1700 4215 fore
1736 4145 2032 4214 videbam
2071 4167 2366 4231 munem,
2397 4146 2448 4214 si
2475 4164 2672 4233 quam
