3131 5032
1102 475 1245 542 Lm.
1292 474 1382 560 11,
1438 477 1543 560 17,
1599 477 1702 543 43.
2250 486 2377 550 543

436 684 676 745 Beierus
726 681 805 742 de
858 679 1144 741 mutanda
1194 680 1362 760 vulg.
1425 681 1687 741 lectione
1704 727 1722 758 ‚
1778 694 1979 765 gestus
2028 687 2220 767 inepti
2265 709 2389 747 non

433 799 646 848 vacant
702 787 1050 866 offensione,
1110 783 1157 843 si
1223 784 1588 844 meminisset
1649 786 1878 864 passive
1939 807 2184 867 quoque
2240 792 2388 871 poni

431 893 845 971 offensionem,
884 888 1039 948 sicut
1087 887 1431 965 opinionem
1453 933 1470 963 ‚
1523 894 1587 947 et
1625 888 1725 949 Gr.
1764 892 1965 955 δόξαν.
2009 892 2387 974 similiaque3

431 995 519 1055 ita
570 994 724 1070 istis,
775 1012 896 1051 non
949 1011 1141 1051 carere
1198 993 1544 1070 mfmnione,
1594 993 1818 1071 opponi
1855 994 2107 1057 laudari.
2142 1032 2227 1050 -—
2255 997 2395 1060 Alio

432 1097 614 1159 modo
659 1098 1006 1178 offensiones
1058 1095 1422 1155 iudiciorum
1458 1094 1695 1155 Cluent.
1734 1096 1848 1173 50,
1904 1098 2052 1175 139,
2103 1100 2394 1163 dicuntur

431 1216 506 1261 ea
535 1199 761 1261 iudicia
795 1218 953 1279 quae
987 1198 1234 1278 probata
1263 1218 1387 1257 non
1414 1206 1584 1276 sunt5
1621 1198 1779 1259 sicut
1804 1199 1971 1262 Verr.
2012 1202 2078 1280 V,
2106 1204 2212 1281 69,
2249 1204 2390 1267 178:

429 1304 516 1366 itu
576 1305 878 1364 hominum
937 1304 1186 1383 offensio
1242 1301 1338 1360 vel
1387 1302 1664 1378 invidia,
1725 1302 1884 1364 Orat.
1943 1305 2005 1382 1,
2064 1305 2178 1383 83,
2237 1306 2393 1387 339,

428 1409 703 1469 homines
751 1414 893 1467 sunt
945 1405 1054 1484 qui
1109 1404 1529 1485 improbantur
1551 1452 1569 1480 ,
1625 1407 1726 1467 vel
1774 1408 1995 1486 quibus
2047 1410 2394 1487 invidetur,

428 1513 676 1592 passive.
756 1511 961 1590 Ipsum
1015 1509 1301 1589 offendere
1319 1554 1337 1585 ,
1396 1509 1610 1587 pas-iv.
1664 1509 1931 1588 dictum,
1974 1515 2215 1592 egregie
2246 1515 2397 1575 illu·-

430 1622 574 1675 strat
612 1615 890 1673 Garaton.
935 1612 1012 1673 ad
1052 1610 1220 1672 Verr.
1263 1611 1326 1686 1,
1369 1610 1484 1687 43,
1531 1611 1667 1673 112.

512 1729 569 1777 et
607 1718 810 1778 multis
856 1718 1026 1775 bonis
1080 1717 1232 1775 viris
1274 1713 1591 1794 accidisse)
1668 1714 1876 1777 Ambr.
1914 1740 1973 1779 α.
2003 1721 2157 1780 viris
2187 1722 2395 1782 bonis.-

431 1819 569 1898 sed,
629 1820 796 1901 quod
827 1819 1152 1881 notabilius
1182 1826 1304 1894 est,
1346 1817 1486 1878 Cod.
1526 1817 1623 1877 Cr.
1657 1818 1819 1895 apud
1860 1819 2184 1900 Moserum,
2228 1825 2398 1886 honis

429 1925 633 1985 multis
688 1926 861 1984 viris.
942 1921 1238 2001 Equidem
1290 1928 1441 2000 puto
1487 1922 1640 1980 viris
1676 1921 2014 1982 tollendum
2045 1944 2205 2003 esse,
2244 1928 2401 1987 sicut

430 2036 596 2089 certe
631 2026 966 2087 tollendum
1005 2034 1092 2085 est
1126 2024 1285 2085 infra
1314 2024 1444 2100 111,
1485 2023 1559 2099 9,
1604 2023 1714 2085 20:
1758 2024 1916 2086 conf.
1954 2027 2099 2088 ibid.
2145 2028 2259 2108 16,
2296 2029 2397 2091 35.

432 2130 572 2192 lina
631 2138 763 2190 tum
811 2128 1091 2189 ordinem
1154 2126 1333 2186 illum
1394 2123 1730 2205 praeferam
1750 2170 1769 2201 ,
1826 2126 1999 2187 bonis
2041 2130 2264 2190 multis.
2316 2163 2399 2176 —

431 2233 742 2295 Accidisss
793 2231 1030 2292 restitui
1089 2231 1326 2291 volebat
1373 2229 1701 2289 Lambinus
1749 2229 1815 2289 in
1865 2229 1999 2291 loco
2045 2233 2267 2310 simili,
2320 2233 2400 2296 ad

433 2334 563 2395 niv.
599 2333 680 2409 V,
724 2335 827 2409 17,
867 2334 926 2393 3.
961 2333 1065 2393 fin.
1085 2378 1102 2408 ‚
1142 2334 1345 2391 multis
1367 2334 1733 2411 fortissimis
1767 2343 1940 2411 atque
1974 2338 2217 2413 optimis
2245 2339 2399 2396 viris

435 2438 685 2495 iniustis
711 2435 963 2494 iudiciis
994 2435 1137 2493 tales
1166 2454 1337 2493 casus
1368 2434 1682 2492 incidisse.-
1715 2434 1814 2491 sed
1845 2454 2046 2514 neque
2066 2441 2402 2500 mutatione

437 2558 586 2619 opus
638 2547 760 2616 est,
818 2546 880 2597 et
921 2545 1086 2597 recte
1130 2536 1351 2595 docent
1382 2536 1613 2595 Cottius
1645 2535 1721 2595 ad
1754 2535 1814 2594 d.
1848 2536 1890 2597 l.
1929 2547 1992 2597 et
2026 2538 2399 2603 Drakenbor-

436 2643 610 2703 cbius
643 2642 720 2701 ad
753 2641 991 2700 Livium
1022 2640 1109 2717 X,
1156 2637 1264 2714 18,
1311 2637 1422 2715 14,
1463 2639 1726 2699 incidere
1763 2659 1886 2699 esse
1920 2660 2031 2718 pro
2057 2645 2342 2707 accidere.

515 2746 751 2806 sceleris
779 2756 864 2804 eet
886 2763 1114 2824 poeno,
1155 2739 1370 2821 tristis)
1447 2742 1578 2801 Non
1611 2741 1789 2801 latuit
1821 2743 2073 2822 quidem
2101 2746 2401 2827 Interpre-

437 2855 527 2908 tes
575 2867 735 2927 quae
786 2846 1004 2907 debeat
1066 2864 1188 2904 esse
1251 2844 1471 2904 horum
1534 2844 1858 2904 verhorum
1908 2851 2202 2909 sententia
2219 2896 2238 2927 ‚
2296 2851 2403 2912 sed

434 2951 682 3030 vulgata
729 2950 1136 3028 interpunctio
1187 2946 1448 3028 (sceleris
1497 2958 1583 3007 m
1622 2967 1819 3028 poena
1846 2951 2038 3010 tn'stis
2053 2996 2072 3027 ‚
2112 2963 2169 3011 et
2204 2952 2308 3033 -)
2342 2963 2404 3016 et

436 3054 574 3115 leve
622 3053 1098 3114 additamentum
1132 3050 1464 3111 effecerunt
1502 3057 1572 3109 ut
1614 3050 1849 3129 aliquid
1883 3052 2291 3116 desiderarent
2323 3057 2402 3118 ad

435 3157 722 3218 orationis
767 3156 1150 3235 elegantiam.
1232 3152 1436 3213 Veluti
1488 3153 1555 3212 iu
1601 3153 1709 3213 illa
1740 3155 1986 3233 vulgata
2019 3156 2401 3222 distinctione

433 3260 648 3342 quaeri
692 3268 953 3340 poterat,
1012 3278 1089 3318 an
1140 3257 1294 3317 aliae
1329 3276 1559 3336 poenae
1603 3256 1794 3316 laetae
1827 3267 2039 3321 essent.
2119 3261 2234 3321 Sed
2270 3270 2401 3324 tum

433 3365 605 3427 locus
652 3365 913 3425 Senecae
969 3362 1073 3441 Ep.
1108 3359 1347 3435 XCVII,
1389 3379 1425 3419 a
1456 3358 1720 3436 Davisio,
1763 3367 1895 3420 tum
1933 3362 1994 3421 in
2028 3364 2238 3442 primis
2269 3364 2402 3425 Offi.

433 3468 667 3528 ciorum
696 3465 821 3541 111,
863 3463 933 3540 8,
973 3461 1074 3523 36.
1106 3460 1209 3522 fin.
1227 3507 1246 3538 ‚
1286 3481 1323 3521 a
1349 3461 1629 3521 Schutzio
1655 3463 1983 3541 appositus,
2012 3466 2149 3525 satis
2173 3467 2399 3528 evincit

435 3568 502 3628 h.
521 3569 565 3628 l.
601 3568 952 3646 simpliciter
983 3566 1106 3626 dici
1123 3610 1142 3641 ‚
1182 3566 1417 3625 sceleris
1455 3575 1541 3624 est
1563 3586 1762 3645 poena
1780 3611 1798 3641 ,
1839 3568 2029 3626 tristis
2053 3580 2138 3644 ot,
2163 3582 2404 3650 ρωποι·

440 3691 538 3729 eos
587 3681 823 3730 eventus
876 3672 983 3749 qui
1033 3679 1387 3749 sequantur,
1419 3688 1534 3748 per
1574 3690 1636 3728 se
1686 3671 1819 3750 ipsa
1858 3673 2119 3730 inaximo
2136 3718 2154 3747 ‚
2197 3672 2398 3734 deleto

441 3784 528 3832 est
541 3818 560 3850 ‚
601 3771 765 3851 quod
800 3772 1111 3851 postremis
1141 3792 1264 3831 non
1302 3778 1425 3831 tam
1470 3769 1748 3831 additum
1797 3781 1885 3833 est
1892 3818 1912 3849 ‚
1970 3792 2152 3853 quam
2192 3794 2396 3836 corru-

441 3884 618 3956 ptum
648 3895 724 3935 ex
749 3886 842 3934 st.-
881 3873 1190 3951 sequentia
1220 3875 1383 3933 enim
1417 3876 1501 3935 sic
1533 3876 1852 3952 ordienda,
1887 3878 1970 3936 Ee
2001 3878 2394 3938 vidimus—.-

440 3986 648 4040 oontra
689 3977 758 4036 in
801 3974 1113 4036 nonnullis
1142 3974 1312 4034 libris
1346 3977 1510 4055 prius
1542 3989 1627 4037 est
1660 3977 1989 4050 omittitur,
2031 3977 2097 4035 in
2132 3977 2265 4036 aliis
2300 3980 2397 4039 vel

436 4082 507 4143 in
540 4082 720 4143 etiam
736 4125 755 4156 ‚
788 4080 886 4141 vel
913 4079 980 4138 in
1009 4089 1201 4139 autem
1224 4080 1651 4160 corrumpitur.
1731 4078 1955 4158 Igitur,
1995 4098 2189 4158 quum
2216 4079 2396 4142 modo

438 4186 680 4249 dixisset
713 4204 837 4246 uon
867 4190 1033 4245 recte
1066 4181 1392 4245 existimari
1428 4203 1577 4262 quus
1593 4204 1788 4264 poena
1819 4183 1902 4242 sit
1930 4180 2229 4262 (nondum
2261 4202 2395 4261 age·
