3131 5032
2248 478 2431 523 xxm

440 666 523 720 et
573 649 670 721 his
721 646 1126 743 imperandi,
1189 666 1255 719 et
1301 649 1543 721 civibus
1600 653 2110 746 obtemperandi*
2147 662 2421 729 modum

446 764 1028 853 praescribendum
1060 787 1188 832 esse
1206 815 1224 846 ,
1270 779 1338 832 et
1368 764 1537 832 illud
1562 766 1839 836 Platonis
1868 773 2412 841 commemoravis-

442 892 581 957 set,
604 878 665 942 T
656 882 932 943 itavmm
959 904 993 942 e
1013 903 1252 969 genere
1274 902 1375 942 eos
1400 899 1559 958 oese,
1593 884 1713 965 qui
1738 881 2170 948 adversentur
2196 892 2422 976 magi-

442 992 823 1067 etratibus3
854 989 1147 1070 subiicit,
1167 993 1352 1078 Quae
1383 1013 1584 1077 quum
1610 995 1714 1056 ita
1740 996 1882 1056 sint
1901 1042 1917 1073 ,
1953 994 2046 1058 ad
2066 999 2252 1081 ipsas
2271 1002 2414 1063 iam

450 1104 630 1192 leges
682 1107 1050 1170 veniamus.
1140 1102 1269 1169 Sed
1318 1101 1424 1168 illa
1471 1103 1746 1170 formula
1763 1153 1782 1182 ‚
1844 1127 2011 1190 quae
2056 1130 2263 1193 quum
2308 1115 2415 1176 im

446 1218 596 1278 eine
628 1228 778 1304 post
808 1212 1207 1305 praemissas,
1254 1228 1332 1281 ut
1375 1213 1738 1304 appellant,
1785 1229 1854 1283 et
1886 1231 2040 1285 ante
2062 1220 2412 1290 conclusio-

450 1347 598 1392 nem
637 1324 1202 1395 demonstrationis
1230 1323 1383 1415 poni
1414 1326 1606 1406 solet,
1643 1349 1922 1416 quorum
1948 1342 2255 1398 neutrum
2287 1331 2412 1400 hoc

446 1436 594 1506 loco
640 1437 971 1506 cernitur..
1042 1435 1183 1506 Alio
1228 1436 1405 1519 1000,
1454 1436 1617 1505 ibid.
1654 1443 1730 1519 7,
1774 1444 1885 1519 17,
1921 1464 2129 1529 quum
2178 1444 2264 1510 de
2296 1447 2411 1512 tri-

450 1548 713 1616 bunicia
772 1562 1094 1639 potestate
1148 1548 1403 1616 dietum
1449 1564 1610 1617 esset
1628 1600 1647 1629 ,
1708 1574 1875 1640 quae
1919 1556 2208 1643 opposita
2254 1573 2416 1624 esset

450 1660 866 1741 Consulibus,
913 1664 1248 1753 Magnum
1277 1661 1465 1731 ,dieis
1514 1664 1808 1744 malum,
1854 1663 2078 1757 inquit⁶
2098 1667 2411 1751 Quintus;

452 1796 616 1837 mm
662 1787 790 1841 cet.
897 1777 1075 1841 Hanc
1131 1774 1333 1865 igitur
1380 1773 1606 1858 Quinti
1655 1796 1729 1840 ea
1785 1774 1870 1842 de
1913 1798 1983 1863 re
2029 1780 2415 1847 sententiam

448 1903 659 1972 quum
690 1881 1027 1950 audivisset
1051 1886 1323 1964 Marcus,
1355 1905 1489 1973 quo
1519 1883 1719 1953 modo
1748 1884 1851 1953 hio
1878 1885 2206 1977 aliquanto
2236 1907 2410 1979 post,

449 1999 533 2075 8,
577 2000 696 2075 19,
729 1995 1025 2062 eamdem
1067 1994 1508 2084 quaestionem
1553 2019 1757 2085 quum
1804 2020 1879 2065 ex
1911 1999 2140 2067 ordine
2171 2003 2412 2092 posuis-

448 2119 578 2187 set,
626 2104 840 2173 dicere
887 2106 1136 2195 potuit,
1183 2107 1262 2171 de
1311 2130 1446 2193 qua
1489 2107 1740 2173 disseri
1780 2111 1969 2176 nihil
1998 2136 2246 2178 neeesse
2277 2130 2374 2181 eet
2394 2168 2411 2196 ,

444 2218 627 2308 quasi
676 2217 800 2285 sibi
850 2217 936 2285 de
984 2241 1058 2288 ea
1115 2242 1267 2286 cum
1317 2219 1561 2302 Quinto
1614 2234 1683 2287 et
1732 2221 1948 2290 Attico
2001 2226 2416 2295 conveniret?

449 2331 778 2397 Postremo
791 2380 808 2409 ,
839 2351 924 2396 ne
950 2329 1075 2398 boc
1097 2330 1367 2420 quidem
1393 2330 1860 2400 absolutionem
1881 2334 2088 2424 operis
2109 2348 2410 2418 testatur,

444 2441 628 2531 quod
676 2440 839 2508 ibid.
883 2448 1003 2523 18,
1046 2447 1165 2523 40,
1211 2442 1355 2509 init.
1404 2442 1733 2511 omittitur
1782 2444 2030 2512 mentio
2073 2454 2416 2514 curatoris

442 2555 1021 2634 extraordinarii,
1085 2556 1171 2621 de
1234 2578 1367 2643 quo
1435 2555 1505 2621 in
1570 2554 1704 2643 ipsa
1760 2556 1901 2647 leg-e
1958 2557 2208 2625 dictum
2273 2576 2414 2629 erat

441 2669 596 2755 Gap.
650 2672 712 2732 4.
756 2666 902 2734 init.

537 2780 693 2845 Fore
722 2777 988 2868 opinor,
1032 2777 1270 2868 quibus
1294 2798 1371 2843 ea
1392 2828 1410 2857 ‚
1458 2800 1625 2866 quae
1660 2781 1963 2863 tractavi,
2013 2783 2110 2849 vel
2153 2806 2288 2852 non
2320 2785 2410 2853 ita

446 2888 663 2958 vitiosa
714 2888 1094 2969 videantur,
1140 2888 1375 2979 quibus
1407 2888 1697 2957 concedo
1725 2905 1802 2957 ut
1834 2915 1947 2958 sua
1984 2916 2208 2962 norma
2240 2896 2412 2963 defi-

449 2999 635 3068 niant
677 2999 1034 3068 Tullianam
1081 2996 1652 3078 conffletudinem;
1700 2999 1835 3079 vel,
1883 2999 1934 3065 si
1985 2999 2148 3090 quid
2200 3027 2410 3095 repre-

444 3113 873 3180 hendendum
893 3163 911 3193 ,
959 3112 1031 3179 id
1078 3134 1195 3201 per
1242 3109 1534 3178 librarios
1577 3110 1823 3177 factum
1854 3132 2018 3192 esse,
2067 3116 2248 3204 quod
2279 3140 2412 3207 quo

440 3225 642 3294 modo
664 3223 1089 3315 probabiliter
1115 3223 1565 3290 demonstrent
1580 3273 1596 3302 ,
1615 3245 1927 3311 perquam
1952 3225 2176 3293 audire
2194 3229 2408 3318 cupio„

440 3335 589 3402 nihi
623 3349 858 3405 contra
893 3336 1049 3403 baec
1083 3335 1478 3426 fragmenta,
1513 3334 1585 3400 in
1620 3333 1855 3424 quibus
1887 3336 2220 3426 complura
2256 3357 2411 3409 sunt

435 3447 778 3516 ambitiose
792 3447 1149 3537 disputata,
1183 3447 1370 3536 plura
1399 3445 1706 3512 levissime
1738 3446 2007 3528 affecta,
2041 3448 2110 3514 in
2143 3449 2239 3517 his
2272 3474 2409 3520 non

442 3562 557 3629 αὖ
608 3566 845 3649 capita
894 3585 1126 3627 rervm
1161 3574 1222 3624 et
1256 3562 1589 3624 orationis
1620 3565 2172 3627 commentarium
2194 3568 2418 3651 paulo.-

370 3659 385 3676 ’
433 3677 706 3761 plenius
779 3673 972 3765 (sicut
1039 3671 1329 3762 loquitur
1397 3672 1577 3738 Brut.
1649 3674 1765 3750 44,
1833 3671 2008 3759 164.)
2075 3676 2408 3744 continere

440 3786 768 3855 videntur.

529 3898 789 3967 Leviora
835 3911 1159 3987 praeterea
1211 3908 1365 3964 sunt
1418 3894 1727 3963 nonnulla
1775 3893 2013 3962 indicia
2048 3903 2410 3988 numquam'

438 4013 523 4078 ab
554 4012 693 4101 ipso
724 4009 1030 4077 Cicerone
1057 4007 1384 4076 editorum
1411 4008 1647 4076 horum
1676 4006 2008 4075 librorum.
2100 4011 2410 4080 Historiae

436 4127 768 4191 Romame
795 4120 1121 4189 scribendi
1158 4118 1490 4187 consilium
1524 4141 1679 4185 eum
1716 4118 1981 4206 agitasse
2012 4144 2404 4209 quamquam
