3131 5032
1215 389 1360 514 lan.
1403 446 1477 531 1,
1521 451 1602 530 5,
1654 450 1754 516 15.
2332 451 2461 518 313

511 660 708 739 ipsum
739 663 1167 735 argumentum
1199 654 1603 734 peculiarium
1630 652 1961 713 Aristotelis
1987 661 2052 713 et
2077 653 2466 734 Theophrasti

511 762 811 824 librorum
858 758 1252 838 significatur:
1315 766 1449 818 tum
1500 757 1647 837 poni
1700 757 1942 817 videtur
1994 758 2059 816 in
2111 757 2184 816 iis
2238 757 2463 833 literis,

514 885 673 944 quae
706 863 950 943 publice
984 862 1063 922 de
1095 862 1275 922 rebus
1308 860 1488 940 gestis
1534 860 1600 918 in
1628 859 1938 938 provincia
1967 881 2004 920 a
2027 861 2470 940 magistratibus

513 967 595 1027 ad
626 967 912 1027 Senatum
944 965 1273 1040 dabantur,
1315 970 1386 1021 nt
1417 960 1587 1022 Verr.
1620 958 1701 1037 V,
1731 960 1801 1036 4,
1839 960 1899 1022 9.
1926 992 2008 1004 —
2039 961 2171 1022 Mox
2204 983 2242 1022 a
2272 963 2469 1038 vobio,

514 1078 727 1131 contra
766 1069 1019 1148 optimos
1065 1087 1232 1130 meos
1282 1065 1499 1140 libros,
1538 1065 1698 1124 bene
1731 1063 2083 1126 defenditur
2114 1066 2190 1125 ab
2224 1065 2470 1126 Ernesto

516 1180 580 1234 et
617 1192 654 1234 a
691 1171 933 1233 Mosero.

1291 1372 1567 1443 CAPUT
1607 1373 1687 1441 V.

601 1586 641 1667 §
678 1586 771 1646 15.
827 1587 887 1645 si
913 1581 1179 1665 quaeres)
1229 1582 1547 1644 Verissime
1563 1583 1825 1644 correxit
1843 1581 2201 1660 Rathius,si
2220 1587 2475 1664 quaeris.

519 1689 730 1768 Neque
781 1687 948 1747 enim
996 1686 1207 1748 futuro
1260 1687 1325 1746 in
1372 1686 1496 1747 hac
1539 1685 1803 1746 formula
1854 1686 2021 1746 locus
2072 1706 2196 1746 esse
2251 1696 2475 1767 potest,

518 1811 635 1853 nec
685 1810 977 1871 umquam
1028 1798 1117 1852 est
1153 1790 1313 1869 apud
1351 1789 1727 1849 Ciceronem:
1770 1788 1930 1849 conf.
1972 1788 2166 1849 Beier.
2200 1789 2280 1848 ad
2308 1789 2473 1851 Offic.

517 1896 608 1956 111
626 1941 645 1971 ‚
701 1895 783 1956 20
801 1941 819 1969 ,
879 1894 978 1955 80.
1079 1895 1274 1974 Atqui
1328 1912 1651 1972 perperam
1712 1893 1993 1952 omiserat
2046 1893 2277 1972 steph:
2335 1913 2477 1954 nam

517 1998 834 2059 manifesto
881 1997 1034 2058 haec
1095 1998 1161 2057 in
1227 1996 1567 2059 obiectione
1621 2003 1683 2054 et
1745 1997 2108 2057 assumtione
2160 1996 2475 2071 dicuntur,

518 2123 702 2183 qnam
734 2102 860 2162 vim
892 2100 1334 2162 coniunctionis
1364 2099 1523 2159 bene
1556 2098 1804 2177 exponit
1819 2098 2148 2178 Madvigius
2165 2099 2243 2158 ad
2260 2099 2386 2159 Fin.
2408 2099 2436 2158 1
2456 2144 2475 2175 ‚

521 2203 633 2281 18,
674 2204 787 2264 58:
831 2201 1168 2283 eademque
1215 2202 1295 2263 de
1346 2221 1525 2262 causa
1555 2213 1730 2281 atque
1765 2201 1907 2262 Cod.
1946 2200 2075 2263 Par.
2105 2202 2268 2282 apud
2301 2202 2475 2263 noee-

520 2328 657 2368 rum
688 2306 1118 2386 spernendum.
1200 2304 1504 2366 Raudium
1532 2325 1726 2385 quum
1761 2305 2168 2381 consulerem,
2209 2307 2475 2386 primum

520 2409 650 2470 vidi
682 2429 862 2485 eum,
901 2408 1151 2469 Tursell.
1182 2408 1231 2468 1.
1268 2429 1330 2488 p.
1359 2407 1505 2484 519,
1547 2427 1670 2467 non
1706 2408 2072 2485 perspexisse
2108 2409 2172 2467 in
2203 2409 2319 2468 hoc
2349 2409 2476 2487 ipso

520 2513 654 2576 loco
703 2514 874 2594 atqui
925 2511 1078 2592 quid
1123 2511 1383 2572 valeret:
1446 2520 1578 2570 tum
1631 2509 1867 2590 reliqua
1909 2510 2040 2570 eius
2083 2529 2475 2589 percurrens,

518 2616 927 2697 deprehendi,
961 2635 1021 2694 p.
1059 2613 1178 2675 513
1197 2662 1215 2691 ‚
1273 2613 1689 2674 Lindemanno
1742 2634 1866 2674 non
1921 2614 2301 2674 intellectum
2353 2635 2476 2675 esse

517 2721 722 2783 locum
753 2721 921 2782 Tusc.
958 2719 1023 2796 1,
1066 2717 1147 2779 39
1166 2762 1183 2792 ,
1224 2716 1337 2795 93,
1377 2717 1488 2777 ubi
1524 2719 1696 2797 atqui
1729 2718 1803 2776 ab
1839 2717 1947 2777 Ιιοο
1980 2718 2249 2778 acerbius
2283 2721 2478 2800 exegit

516 2836 731 2884 mura
787 2842 954 2883 mera
995 2819 1277 2881 assumtio
1327 2827 1415 2879 est
1430 2865 1449 2895 ‚
1506 2820 1680 2899 quasi
1732 2820 2040 2882 conclusio
2088 2830 2478 2901 sequeretur,

519 2927 755 3006 »igitur
805 2933 973 2985 tanto
1017 2925 1204 3002 magis
1251 2922 1633 3002 querendum
1666 2926 1854 2982 erat.'’
1935 2923 2157 2983 Eadem
2192 2924 2270 2984 de
2302 2944 2478 2985 causa

516 3033 688 3112 aequi
741 3027 1106 3089 servandum
1157 3026 1326 3087 Tusc.
1380 3023 1465 3100 V,
1519 3024 1636 3100 20,
1696 3026 1811 3101 57,
1870 3026 1978 3086 ubi
2031 3028 2155 3106 ipsa
2207 3046 2477 3106 expressa

519 3132 825 3195 conclusio
854 3130 1159 3209 sequitur:
1207 3146 1321 3187 nec
1353 3125 1657 3186 Raudium
1689 3126 1965 3206 intelligo
2006 3127 2090 3211 (p.
2132 3125 2276 3207 515)
2303 3140 2476 3208 atque

518 3235 966 3298 defendentem.
1047 3233 1280 3292 lterum
1317 3230 1546 3291 labitur
1580 3229 1647 3289 in
1681 3229 1913 3291 Senect.
1946 3230 2062 3306 22,
2097 3229 2171 3290 81
2197 3229 2281 3313 (p.
2301 3230 2476 3312 516),

515 3338 626 3401 nbi
659 3336 976 3398 manifesto
1009 3343 1099 3397 est
1137 3334 1417 3394 assumtio
1434 3378 1452 3408 ,
1492 3340 1785 3412 sequente
1815 3334 2234 3395 conclusione:
2277 3355 2479 3415 neque

516 3442 950 3522 Xenophonteo
972 3439 1267 3501 vocabulo
1301 3441 1515 3513 δήπου,
1555 3436 1662 3496 sed
1694 3436 2108 3497 coniunctioni
2136 3440 2201 3497 δέ
2237 3459 2477 3518 respon-

516 3544 621 3606 det
668 3547 857 3624 aequi.
956 3542 1123 3603 Illud
1172 3547 1375 3602 autem
1425 3539 1680 3599 minime
1734 3538 2115 3619 probandum
2148 3549 2235 3601 est
2251 3586 2270 3617 ,
2311 3539 2479 3621 quod

519 3646 585 3705 in
639 3647 841 3706 Laelio
898 3644 972 3706 19
990 3691 1009 3721 ,
1065 3643 1146 3706 68
1195 3642 1471 3704 defendit
1515 3645 1689 3723 atqui
1733 3644 1801 3701 in
1834 3645 1964 3723 ipso
1999 3663 2146 3723 equo
2181 3644 2265 3726 (p.
2301 3644 2476 3727 617),

520 3746 634 3809 nbi
681 3748 976 3808 sententia
1021 3746 1249 3825 flagitat
1300 3744 1365 3804 id
1417 3744 1584 3824 quod
1640 3744 1920 3825 plerique
1980 3742 2162 3804 Codd.
2214 3744 2441 3807 habent
2456 3795 2475 3824 ,

517 3852 702 3933 quin.-
756 3848 995 3930 (eodem
1046 3849 1181 3909 loco
1224 3847 1664 3927 ineptissimum
1716 3846 2015 3907 emblema
2053 3846 2280 3925 optime
2316 3848 2477 3908 tollit

516 3953 794 4028 Beierus,
854 3953 1027 4012 cuius
1077 3951 1243 4010 modo
1293 3951 1648 4010 mationem
1684 3952 1856 4030 feci.-
1897 3949 2001 4010 sed
2045 3948 2474 4027 corrigendum

517 4065 830 4140 praeterea
860 4056 920 4116 εἰ
954 4055 1122 4115 nulla
1154 4075 1244 4114 res
1273 4054 1557 4135 impedit,
1597 4074 1706 4133 pro
1750 4053 2070 4134 impediat,
2110 4052 2285 4111 cuius
2317 4052 2474 4113 Con-

518 4161 776 4225 iunctivi
809 4160 983 4223 nulla
1012 4160 1167 4222 ratio
1199 4157 1372 4220 reddi
1408 4155 1647 4237 potest.)
1729 4157 1812 4219 De
1841 4157 2075 4218 duobus
2100 4164 2303 4217 autem
2329 4157 2475 4219 locis
