3131 5032
1155 478 1295 545 Lm.
1341 474 1409 564 1,
1466 480 1535 564 1,
1582 485 1645 545 3.
2241 480 2370 549 273

407 705 529 770 qua
563 684 1070 767 acquiescendum
1105 684 1401 746 videatur.
1484 685 1652 759 Quae
1682 684 1923 745 Graevii
1960 705 2081 745 esse
2114 686 2374 764 dicitur,

407 789 571 875 apud
621 790 916 850 Moserum
933 834 953 865 ,
1012 799 1166 848 certo
1218 810 1291 847 ne
1343 807 1465 847 non
1514 788 1685 870 longe
1703 833 1722 863 ,
1775 788 1914 850 ideo
1962 789 2337 868 repudianda
2356 832 2376 866 ‚

406 893 574 974 quod
622 893 904 952 Latinum
955 912 1079 952 uon
1121 900 1209 951 est
1240 903 1395 951 certo
1430 891 1618 967 discit,
1660 911 1771 970 pro
1806 911 1939 951 vere
1975 893 2166 968 dixit,
2207 892 2376 972 quod

404 998 469 1058 h.
520 997 565 1056 l.
613 996 760 1056 ferri
809 1003 1060 1075 poterat.
1144 994 1346 1074 Ipsum
1392 1010 1573 1073 porro
1620 1006 1771 1054 certe
1804 995 1890 1054 sic
1924 997 1989 1054 in
2024 994 2375 1058 affirmando

405 1100 689 1179 ponitur,
747 1106 817 1158 ut
863 1097 1163 1158 referatur
1213 1096 1291 1157 ad
1341 1096 1442 1173 id,
1500 1096 1579 1156 de
1615 1097 1891 1176 quoiam
1924 1117 2118 1158 sermo
2149 1097 2374 1176 fuerit,

406 1223 530 1263 uon
565 1210 768 1262 autem
801 1201 1071 1262 absolute
1104 1199 1389 1260 affirmet:
1432 1199 1603 1260 verbi
1635 1218 1811 1260 causa
1828 1245 1847 1275 ,
1887 1199 1937 1258 si
1973 1200 2076 1260 hic
2109 1220 2374 1279 praeces·

409 1304 571 1365 sisset
605 1304 767 1364 domi
794 1314 933 1363 inae
948 1349 967 1379 ‚
1009 1310 1174 1363 recte
1204 1301 1607 1362 subiiceretur
1639 1313 1789 1363 certe
1820 1322 1941 1361 non
1977 1304 2144 1386 longe
2179 1326 2218 1364 a
2253 1304 2375 1364 tuis

409 1406 681 1466 aedibus.-
722 1404 789 1463 in
825 1423 1010 1483 quam
1045 1403 1340 1464 rationem
1376 1424 1501 1463 nou
1525 1402 1740 1464 dubito
1763 1404 1917 1483 quin
1944 1406 2147 1466 omnia
2174 1425 2374 1467 exeru-

406 1508 509 1589 pla
541 1505 778 1567 includi
811 1506 1053 1586 possint.
1134 1505 1439 1584 Copiosior
1468 1526 1652 1586 quam
1679 1508 2019 1586 explicitior
2051 1509 2376 1590 disputatio

408 1612 490 1672 de
541 1611 665 1670 istis
714 1609 1014 1670 adverbiis
1058 1617 1147 1669 est
1180 1609 1396 1668 Raudii
1428 1610 1493 1668 in
1525 1610 1859 1672 Tursellino
1890 1610 2020 1672 Vol.
2056 1613 2137 1672 11.
2173 1634 2234 1692 p.
2276 1613 2372 1674 14.

410 1734 572 1795 sqq.:
632 1712 738 1773 sed
787 1712 953 1793 quod
1001 1712 1080 1772 ad
1138 1713 1490 1772 Ciceronem
1541 1713 1790 1791 attinet,
1846 1729 2032 1793 quem
2081 1714 2377 1776 credibile

407 1837 535 1879 nou
586 1823 675 1877 est
717 1816 837 1876 illis
889 1815 1097 1876 formis
1151 1817 1279 1875 sine
1331 1815 1680 1875 discrimine
1740 1836 2087 1895 usurpasse,
2145 1819 2375 1898 quique

409 1922 548 1983 ideo
590 1919 921 1980 necessario
963 1918 1377 1997 compluribus
1423 1920 1570 1980 locis
1607 1920 1999 1999 corrigendus
2032 1923 2148 1980 erit
2168 1969 2187 1999 ,
2226 1934 2379 1983 certe

410 2044 535 2085 nou
583 2022 702 2082 uisi
752 2023 819 2081 iu
871 2019 1262 2081 affirmatione
1293 2021 1542 2082 aliunde
1576 2040 1854 2102 suspensa
1886 2023 2146 2101 dicitur,
2188 2026 2272 2086 ita
2305 2033 2376 2085 ut

410 2124 488 2188 ad
536 2135 721 2187 totam
773 2124 1264 2203 erruuciatiouem
1312 2124 1642 2201 referatur,
1682 2147 1806 2186 uou
1853 2127 2036 2187 unius
2066 2129 2239 2188 verbi
2271 2136 2377 2188 aut

418 2228 672 2291 actionis
713 2226 964 2297 modum
997 2226 1267 2287 definiat:
1315 2228 1395 2288 cf.
1428 2227 1556 2287 Fin.
1583 2224 1682 2305 11,
1722 2228 1832 2306 31,
1878 2229 2012 2292 102.
2054 2231 2250 2291 Diviu.
2284 2229 2377 2309 11,

415 2332 488 2409 8,
527 2331 629 2392 21.
711 2329 786 2389 Iu
835 2314 1133 2410 praesenti
1188 2330 1513 2391 traditione
1556 2340 1723 2392 recte
1756 2331 2064 2393 diceretur
2099 2334 2198 2393 vel
2233 2334 2377 2412 illo,

415 2456 541 2516 quo
571 2454 751 2513 supra
777 2433 934 2509 dixi,
963 2432 1175 2512 mod03
1220 2433 1317 2494 vel
1337 2434 1627 2494 Romulus
1662 2436 1803 2494 deus
1822 2439 2036 2518 factus
2073 2448 2183 2513 est,
2227 2449 2379 2498 certe

413 2539 669 2601 Proculo
721 2538 887 2598 Iulio
940 2538 1098 2596 dixit
1134 2544 1248 2597 cet.
1282 2572 1363 2584 —-
1397 2537 1643 2614 Contra,
1678 2537 2010 2599 absolutam
2043 2538 2378 2601 affirmatio·

414 2664 553 2704 uem
571 2689 591 2720 ,
658 2659 937 2722 quaeque
995 2661 1211 2701 novam
1269 2640 1632 2706 sententiam
1698 2641 1975 2717 inchoet,
2043 2662 2381 2722 numquam

414 2758 565 2806 coreo
615 2745 865 2806 iudicat.
944 2743 1145 2824 Atque
1196 2744 1281 2804 sic
1330 2743 1648 2805 conficitur
1700 2757 1849 2805 certe
1881 2764 2006 2805 nou
2039 2764 2163 2804 esse
2196 2745 2380 2806 huius

411 2849 555 2910 loci.
635 2847 980 2928 Quaesierat
1019 2846 1179 2906 illud
1224 2846 1301 2906 de
1352 2846 1535 2906 Mario
1568 2845 1800 2927 Atticus
1833 2867 1908 2906 ex
1941 2844 2138 2907 Tullio
2157 2894 2173 2923 ,
2212 2849 2380 2928 quod

413 2951 523 3011 hic
564 2958 628 3010 et
679 2950 804 3030 ipse
853 2949 1107 3030 Arpinas
1153 2953 1336 3023 esset,
1397 2949 1603 3028 itaque
1647 2949 1955 3028 aliquanto
2001 2950 2228 3009 certius
2268 2952 2381 3012 ista

410 3053 733 3115 resciscere
769 3054 1074 3133 potuisset.
1156 3052 1268 3112 Cui
1303 3052 1585 3131 {aequum
1626 3060 1715 3111 est
1753 3060 1822 3111 ut
1858 3053 2153 3112 eiusmodi
2199 3074 2379 3133 quae·

414 3158 669 3219 stiouem
701 3163 954 3236 reponat
988 3156 1215 3215 Marcus
1235 3202 1252 3231 ,
1280 3174 1438 3234 quae
1472 3155 1599 3234 ipsa
1632 3164 1877 3234 propter
1901 3156 2167 3216 locorum
2205 3157 2379 3217 ratio-

411 3279 554 3320 nem
596 3259 845 3341 propius
886 3259 1160 3319 Atticum
1207 3260 1547 3338 attingeret.
1639 3258 1712 3318 Et
1773 3260 1823 3319 si
1861 3260 2147 3322 hariolari
2196 3263 2379 3338 licet,

409 3361 625 3446 (nolim
659 3361 828 3423 euim
859 3371 1160 3441 praestare
1205 3363 1616 3423 coniecturam
1633 3359 1678 3443 ,)
1717 3361 1848 3422 fieri
1881 3371 2073 3442 potest
2115 3373 2182 3424 ut
2215 3364 2377 3424 auti-

411 3464 619 3546 quitus
658 3463 949 3543 scriptum
990 3462 1207 3540 fuerit,
1248 3464 1545 3525 Romaene
1563 3510 1583 3540 ,
1624 3485 1744 3523 mm
1777 3465 1947 3547 longe
1979 3487 2016 3526 a
2050 3468 2171 3526 tuis
2207 3469 2379 3527 aedi--

411 3567 526 3628 bue
552 3598 655 3629 —.
688 3566 917 3627 Locum
966 3586 1043 3626 ex
1092 3566 1381 3627 hodierna
1415 3566 1641 3627 Romae
1674 3568 2066 3648 topographia
2098 3577 2376 3630 accurate

410 3668 688 3747 desim
728 3667 1096 3729 Niebuhrius
1148 3669 1292 3731 nist.
1341 3669 1512 3730 Rom.
1556 3670 1608 3730 Ι.
1654 3689 1714 3749 p.
1755 3670 1896 3732 260.
1931 3679 2055 3733 not.
2091 3671 2230 3733 644.
2265 3673 2372 3735 Ed.

411 3770 570 3833 δὴ.
585 3768 815 3852 -ὲ-Ιοι
838 3771 1137 3848 dedicare,
1169 3772 1335 3852 quod
1361 3773 1643 3833 uounulli
1678 3774 1822 3833 libri
1854 3774 2166 3836 deterioris
2197 3785 2373 3836 uotae

409 3869 704 3950 affcrnutj
719 3874 1121 3976 spernendum
1138 3884 1266 3935 erat
1274 3876 1480 3955 ‚quod
1497 3896 1619 3936 nou
1636 3876 1788 3957 quid
1804 3875 2124 3937 Proculum
2141 3878 2371 3952 facere,

413 3976 521 4039 sed
568 3971 724 4057 quid
769 3978 1022 4040 omnino
1071 3977 1203 4038 fieri
1239 3979 1459 4055 vellet,
1498 3977 1847 4039 Romulus
1828 3981 2059 4040 iussisse
2090 3979 2367 4041 videtur·

413 4079 573 4142 conf.
598 4045 1469 4161 nepiib1.11‚10;eademque
1495 4084 1850 4144 auctoritate
1877 4082 2169 4143 servanda
2185 4085 2369 4144 verba

414 4186 483 4242 ἱιι
517 4205 583 4243 eo
617 4185 778 4259 Ioco,
818 4202 978 4262 quae
1011 4184 1156 4246 item
1192 4187 1255 4244 in
1291 4205 1413 4248 uno
1453 4186 1765 4264 alteroque
1803 4186 1945 4247 cod.
1987 4186 2366 4248 omittuntur.

2032 4286 2105 4346 18
