3131 5032
734 447 865 513 1196
1420 432 1562 499 Lm.
1609 430 1707 514 11,
1756 430 1830 507 7,
1890 429 1986 494 17.

813 645 1177 727 interpositis
1213 654 1339 702 tum
1369 637 1674 698 iudicibus
1703 645 1827 693 tum
1853 627 2122 710 testibus)
2198 626 2443 706 Aptius,
2475 620 2697 698 credo,

732 752 971 828 legetur
1026 744 1402 816 vindicibus,
1462 747 1532 797 ut
1583 738 1648 796 in
1689 737 1810 814 ipsa
1850 734 2009 811 lege,
2046 732 2205 790 infra
2242 731 2380 807 Cap.
2422 729 2532 802 10,
2574 728 2697 800 25,

734 854 883 914 deus
935 851 1153 913 vindex
1204 845 1576 925 appellatur:
1638 861 1762 899 nnn
1811 838 1976 897 enim
2031 835 2232 913 agitur
2266 832 2345 892 de
2376 829 2698 890 iudicandi

731 956 928 1017 officio
960 954 1076 1013 diis
1102 947 1464 1021 tribuendo,
1504 944 1609 1004 sed
1642 943 1720 1002 de
1753 939 2048 1021 puniendi
2082 944 2389 1017 potestate.

812 1057 856 1141 ς
901 1056 996 1117 17.
1079 1057 1145 1112 in
1199 1053 1305 1111 Ιιοσ
1359 1047 1671 1109 admodum
1720 1040 1990 1123 delector)
2083 1039 2396 1118 Loquendi
2439 1037 2698 1110 formam

733 1156 1160 1221 animadvertit
1206 1153 1536 1229 Madvigius
1585 1148 1662 1208 ad
1712 1148 1839 1207 Fin.
1893 1147 1957 1221 Ι,
2019 1144 2128 1221 11,
2178 1143 2278 1204 39.
2371 1140 2542 1216 Quod
2584 1138 2695 1199 Ed.

732 1265 879 1324 Ven.
918 1262 1128 1334 habet,
1178 1269 1234 1318 et
1267 1255 1427 1315 nihil
1477 1252 1823 1326 admodum,
1864 1249 2104 1308 fluxisse
2144 1246 2386 1306 videtur
2426 1265 2499 1304 ex
2533 1255 2590 1302 et
2621 1244 2698 1299 in

732 1369 875 1441 illo,
933 1363 1098 1444 quod
1149 1381 1269 1420 nou
1320 1354 1805 1437 praeferendum.
1886 1350 2113 1411 Rursus
2148 1370 2420 1429 pronum.
2456 1347 2696 1407 fortasse

734 1468 1074 1532 tollendum
1110 1473 1196 1524 est
1228 1483 1303 1522 ex
1336 1457 1654 1539 praeeedd.
1674 1503 1693 1533 ,
1735 1458 1826 1516 sic
1863 1457 2021 1514 emim
2055 1455 2163 1514 hoo
2196 1453 2450 1534 appellat
2481 1452 2653 1510 Plato
2674 1493 2696 1523 ‚

738 1575 943 1651 itaque
970 1569 1306 1647 suspicatur
1339 1563 1618 1623 Orellius.
1671 1561 1829 1619 Sext.
1860 1558 1973 1634 44,
2005 1559 2112 1632 96,
2145 1559 2237 1616 zie
2265 1558 2424 1614 enim
2450 1553 2698 1612 dixisti.-

737 1675 898 1737 conl’.
934 1673 1195 1750 Philipp.
1231 1668 1329 1742 ll,
1372 1667 1441 1742 2,
1483 1667 1542 1726 3.
1585 1663 1766 1739 XIII,
1812 1661 1921 1737 11,
1964 1662 2064 1721 25.
2104 1660 2270 1720 Verr.
2300 1657 2409 1734 lv,
2451 1657 2583 1715 init.
2617 1686 2704 1700 --

600 1829 609 1838 .
738 1778 911 1853 Quod
965 1783 1168 1834 autem
1222 1772 1340 1830 viri
1388 1769 1551 1829 docti
1600 1785 1915 1845 perperam
1952 1783 1986 1824 a
2022 1765 2246 1838 Quinto
2277 1760 2555 1822 hoc-dici
2589 1778 2707 1836 pu·

740 1888 903 1955 tant,
944 1878 1127 1938 rebus
1161 1895 1233 1935 ae
1266 1871 1577 1934 sententiis
1610 1870 1917 1929 diversum
1951 1888 2078 1927 esse
2110 1867 2227 1926 hoc
2259 1865 2632 1946 prooemium
2670 1881 2711 1923 a

742 1984 987 2044 Platone
1004 2028 1022 2058 ,
1065 2000 1188 2040 nou
1222 1977 1509 2037 videntur
1548 1974 1686 2033 satis
1717 1971 2030 2032 attendere
2063 1971 2327 2033 multum
2364 1989 2486 2029 esse
2516 1967 2710 2026 Plato-

742 2107 887 2146 nem
934 2087 999 2143 in
1044 2081 1452 2160 disputatione
1488 2077 1567 2136 de
1602 2076 1754 2151 diis,
1795 2075 2147 2134 Ciceronem
2180 2082 2386 2134 eontra
2419 2072 2712 2131 disserere

744 2208 930 2270 quam
993 2188 1116 2245 vim
1183 2184 1288 2243 iua
1354 2180 1561 2259 opinio
1620 2180 1685 2237 in
1750 2178 1997 2238 civilem
2059 2178 2402 2237 societatem
2470 2174 2715 2233 habeat.

748 2293 1074 2368 Quumque
1124 2306 1265 2346 mox
1309 2303 1423 2364 pro
1474 2284 1623 2364 Iegis
1673 2281 1978 2341 exordium
2028 2281 2243 2357 optimi
2278 2279 2419 2338 libri
2447 2277 2717 2337 habeant

746 2396 906 2454 decis
965 2391 1267 2452 exordium
1290 2434 1307 2464 ‚
1363 2388 1605 2465 Lagom.
1676 2384 1752 2445 10
1767 2431 1785 2461 ,
1847 2386 1917 2443 do
1970 2383 2092 2443 liiii
2108 2429 2127 2460 ‚
2183 2384 2449 2463 suspicor
2506 2400 2714 2440 veram

747 2498 1072 2559 lectionem
1117 2493 1299 2553 fuisse
1332 2490 1401 2550 de
1457 2490 1578 2549 diis
1612 2489 1955 2548 exordium:
2005 2488 2089 2547 sic
2134 2495 2272 2566 apte
2311 2485 2614 2547 indicatur
2642 2480 2720 2543 in

749 2602 883 2683 pari
916 2604 1272 2679 argumento
1305 2595 1609 2654 diversum
1644 2593 1905 2652 alterum
1937 2592 2014 2651 ab
2050 2591 2239 2651 altero
2273 2610 2416 2650 esse.

832 2704 976 2762 velle
991 2697 1282 2783 sortasse)
1336 2698 1498 2756 liano
1526 2695 1823 2755 bonorum
1847 2695 2143 2755 librorum
2165 2695 2489 2754 lectionem
2514 2692 2721 2752 nescio

750 2827 862 2868 eur
900 2805 1241 2885 spreverint
1277 2801 1564 2861 Editor-es.
1652 2799 1953 2859 Correetio
1988 2807 2074 2857 est
2099 2818 2311 2858 eorum
2345 2816 2502 2876 quae
2531 2795 2723 2870 Quin·

755 2920 851 2971 tus
879 2910 1136 2968 dixerat:
1179 2932 1210 2964 n
1229 2906 1389 2965 velle
1416 2904 1658 2963 fortasse
1685 2902 1899 2963 videor
1926 2902 2068 2960 tibi:
2099 2922 2240 2961 nam
2267 2921 2389 2962 non
2418 2900 2720 2979 possum.''

754 3014 943 3093 Supra
981 3014 1047 3087 1,
1088 3012 1127 3071 2
1149 3058 1164 3084 ,
1206 3011 1279 3085 7,
1319 3028 1452 3068 eum
1507 3019 1703 3066 tamen
1752 3007 1896 3065 velle
1956 3006 2243 3064 duntaxat
2290 3005 2556 3079 imitari,
2609 3001 2722 3061 ubi

757 3135 963 3177 rursus
995 3112 1102 3172 Ed.
1137 3111 1287 3170 Ven.
1318 3109 1549 3168 vellem:
1596 3115 1657 3166 et
1690 3106 2065 3168 sollemniter
2098 3108 2241 3166 vello
2277 3115 2340 3165 et
2358 3126 2531 3186 posse
2559 3105 2725 3163 inter

757 3240 821 3280 se
869 3223 1293 3297 opponuntur:
1354 3209 1514 3271 conf.
1550 3210 1717 3270 Tuse.
1771 3208 1879 3286 IV,
1940 3209 2010 3286 2,
2069 3212 2137 3269 5:
2193 3209 2352 3269 Orat.
2395 3208 2510 3284 30,
2565 3207 2720 3268 105:

758 3320 922 3382 offic.
978 3319 1044 3395 l,
1102 3317 1217 3390 39,
1276 3314 1409 3375 init.
1471 3315 1739 3373 volumen
1797 3314 2032 3393 quidem
2093 3324 2244 3373 certe
2288 3332 2368 3372 se.
2420 3310 2722 3391 persequi.

758 3424 991 3484 Seneet.
1042 3419 1148 3492 10,
1200 3416 1313 3476 32:
1368 3423 1501 3475 tum
1545 3416 1713 3477 Tuse.
1762 3416 1823 3491 Ι,
1873 3417 1991 3492 21,
2043 3414 2155 3476 49;
2208 3414 2367 3475 conf.
2409 3412 2721 3493 Wyttenb.

765 3525 921 3584 Bihl.
973 3522 1067 3582 Cr.
1124 3519 1304 3596 VIII,
1345 3539 1405 3598 p.
1438 3518 1540 3580 72.
1639 3519 1849 3579 Forma
1893 3520 2075 3598 plane
2119 3518 2329 3577 similis
2365 3526 2452 3577 est
2495 3517 2561 3575 in
2605 3515 2727 3575 hoe

766 3628 894 3687 Fin.
934 3626 1033 3701 11,
1074 3623 1189 3699 24,
1233 3622 1347 3697 78,
1389 3635 1443 3681 et
1479 3623 1712 3702 quidem
1733 3623 2008 3703 prodest,
2048 3622 2282 3701 inquit,
2324 3621 2474 3680 milii
2506 3640 2572 3679 eo
2604 3640 2729 3679 esse

763 3732 984 3792 animo.
1019 3760 1098 3771 —
1130 3727 1262 3786 Imo
1303 3725 1496 3785 videri
1520 3728 1803 3806 fortasse.
1841 3757 1923 3771 —
1956 3726 2189 3785 Abutar
2223 3724 2339 3784 hae
2370 3720 2733 3804 opportuni-

765 3842 886 3894 tate
923 3839 989 3892 ut
1023 3829 1329 3890 vindicem
1356 3829 1716 3908 exquisitam
1747 3829 1918 3889 verbi
1950 3830 2184 3888 imitari
2216 3827 2373 3904 vim,
2415 3846 2571 3906 quae
2604 3845 2733 3886 non

767 3941 831 3999 in
864 3936 1176 3997 voluntate
1190 3980 1208 4010 ,
1248 3932 1351 3993 sed
1384 3932 1450 3992 in
1487 3942 1709 3993 eventu
1742 3941 1803 3992 et
1840 3932 2151 3994 effectione
2182 3930 2491 4006 cernitur,
2533 3929 2737 3988 idem-

766 4062 889 4122 que
940 4039 1100 4099 valet
1152 4037 1315 4116 quod
1364 4038 1681 4115 consequi,
1738 4039 2076 4116 exprimere.
2159 4034 2323 4096 Offic.
2366 4034 2497 4109 111,
2543 4034 2569 4092 1
2594 4079 2613 4109 ,
2658 4032 2737 4107 1,

760 4148 826 4213 ni
859 4146 1058 4202 minus
1098 4141 1433 4198 imitatione
1482 4151 1706 4200 tantam
1741 4141 1979 4220 ingenii
2001 4140 2427 4221 praenuntiam
2455 4138 2741 4215 ooanm'
