3131 5032
1160 423 1299 490 Lm.
1345 422 1444 507 11,
1490 423 1567 508 9,
1614 422 1724 489 22.
2284 422 2408 490 507

546 629 704 690 ludis
727 628 994 710 publicis
1022 657 1102 673 —-
1128 627 1340 688 honore
1372 625 1693 711 iungas-to)
1770 628 1920 689 Satis
1947 629 2418 695 demonstratum

467 741 556 796 est
588 753 624 794 a
656 732 951 812 Madvigio
977 731 1311 794 Emendatt.
1328 750 1391 812 p.
1408 729 1507 794 68.
1546 751 1709 812 seqq.
1743 751 1819 793 ex
1855 732 2100 812 vulgata
2130 733 2422 809 lectione,

465 855 625 919 quae
674 835 949 899 omnium
1001 834 1438 916 propemodum
1485 835 1777 897 Codicum
1822 845 1941 914 est,
1988 836 2145 898 hanc
2190 845 2422 898 senten-

466 942 616 1003 tiam
664 939 846 1017 oriri,
903 946 974 1000 ut
1028 938 1161 999 ludi
1210 938 1513 1001 Circenses
1552 939 1956 1000 excludentur
1987 940 2065 999 ab
2099 940 2216 1000 hac
2248 959 2426 1021 prae-

467 1043 765 1124 ceptione.
857 1042 1057 1123 Atque
1100 1043 1217 1104 hoc
1266 1041 1415 1103 ferri
1465 1062 1590 1104 non
1641 1063 1809 1123 posse
1852 1043 1972 1102 iam
2011 1043 2310 1103 Manutius
2341 1044 2428 1102 vi-

468 1147 639 1208 derat
689 1154 935 1227 propter
993 1147 1182 1226 ipsam
1233 1146 1417 1206 huius
1466 1146 1618 1226 legis
1683 1148 2237 1225 interpretationem
2289 1148 2427 1226 Cap.

470 1251 581 1328 15,
640 1249 720 1311 38
740 1297 756 1325 ,
814 1268 940 1329 quo
989 1249 1124 1310 loeo
1140 1295 1159 1325 ‚
1217 1248 1384 1327 quod
1449 1249 1700 1313 uberius
1750 1249 2063 1311 disseritur
2111 1250 2189 1310 de
2238 1250 2430 1310 modis

464 1354 709 1415 musicis
760 1351 1171 1429 moderandis,
1227 1349 1297 1410 fit
1345 1352 1462 1412 hoo
1514 1352 1581 1412 in
1633 1352 1817 1413 huius
1865 1353 2074 1433 placiti
2129 1354 2395 1414 novitate
2412 1400 2431 1430 ‚

465 1477 591 1517 non
642 1456 783 1517 ideo
831 1454 999 1535 quod
1036 1454 1187 1515 haec
1221 1474 1344 1515 una
1380 1474 1528 1515 cura
1557 1455 1967 1516 sacerdotibus
2000 1457 2432 1518 committenda

465 1566 786 1639 putaretur
818 1557 1070 1638 reliquis
1104 1558 1378 1620 exclusis.
1459 1558 1576 1618 Sed
1604 1558 1914 1619 videamus
1947 1559 2027 1620 de
2060 1559 2432 1639 Madvigium

468 1662 891 1723 emendatione
907 1709 926 1739 ‚
977 1662 1268 1741 quoniam
1311 1662 1691 1741 superiorum
1733 1662 1994 1722 rationes
2038 1662 2214 1724 nullo
2251 1663 2432 1724 modo

466 1764 806 1826 satisfacere
830 1773 1074 1826 constat.
1129 1764 1324 1844 Igitur
1359 1770 1616 1824 assumta
1643 1764 1983 1826 llanutiana
2025 1767 2431 1843 correctione,

471 1875 540 1928 ut
590 1870 721 1928 sine
764 1874 1036 1928 mutetur
1079 1868 1146 1927 in
1191 1870 1351 1942 sive,
1395 1874 1526 1928 tum
1560 1867 1759 1928 deleta
1798 1876 1953 1947 part.
1982 1880 2070 1944 et,
2108 1868 2195 1929 sic
2226 1869 2430 1930 locum

466 1969 854 2031 scribendum
907 1977 1143 2031 censetz
1200 1971 1358 2030 ludis
1397 1970 1668 2050 publicis
1684 2015 1703 2045 ‚
1757 1971 1916 2050 quod
1958 1973 2085 2031 sive
2136 1975 2431 2033 cuniculo

466 2075 592 2135 sive
655 2075 972 2135 certatione
1033 2094 1336 2155 corporum
1370 2074 1495 2155 fiat
1512 2119 1531 2149 ,
1578 2075 1928 2155 popularem
1974 2077 2302 2153 laetitiam,
2362 2078 2432 2134 in

470 2189 651 2237 contu
699 2190 757 2238 et
793 2177 1028 2257 fidibus
1080 2188 1137 2238 et
1189 2178 1395 2256 tibiis,
1459 2177 1813 2238 moder-anto.
1911 2177 2225 2238 Neminem
2284 2186 2434 2258 puto

470 2278 893 2340 dubitaturum
938 2299 1095 2354 esse,
1134 2281 1286 2358 quin
1328 2279 1414 2339 ita
1451 2287 1647 2339 totum
1684 2299 1877 2358 genus
1909 2280 2197 2341 ludorum
2231 2282 2430 2362 publi-

471 2399 684 2439 corum
726 2379 807 2440 ad
848 2381 1208 2440 cuniculum
1244 2388 1308 2439 ct
1343 2384 1719 2441 certationem
1748 2401 2050 2463 corpomm
2084 2394 2402 2445 revocetur
2412 2412 2431 2464 5

472 2481 637 2563 quod
688 2500 1030 2562 repugnare
1096 2482 1480 2562 explicationi
1536 2482 1724 2561 legis,
1782 2484 1851 2543 in
1900 2503 2023 2563 qua
2068 2485 2202 2546 ludi
2253 2508 2433 2549 caveo

472 2589 742 2667 circoque
796 2587 986 2646 divisi
1026 2584 1315 2645 dicuntur
1333 2632 1352 2661 ,
1405 2586 1689 2665 nihilque
1733 2585 1813 2646 ad
1851 2608 2090 2648 caveam
2125 2591 2435 2668 pertinere

471 2688 833 2750 cun-iculum
880 2695 943 2747 et
989 2698 1190 2748 certat.
1241 2708 1397 2769 corp.
1415 2734 1434 2764 ,
1474 2687 1981 2750 demonstratione
2020 2711 2140 2752 non
2179 2692 2431 2772 indiget.

470 2791 594 2852 Hoc
618 2799 929 2871 praeterea
961 2788 1206 2870 difficile
1232 2799 1319 2850 est
1347 2790 1425 2850 ad
1450 2791 1838 2868 solvendum,
1872 2793 2039 2871 quod
2069 2798 2434 2856 curriculum

470 2892 865 2973 distinguitur
898 2913 934 2953 a
968 2895 1288 2954 certatione
1326 2913 1483 2975 corp.
1565 2893 1837 2954 Primum
1871 2898 2037 2956 enim
2073 2900 2435 2959 curriculum

472 2997 551 3058 de
585 2997 714 3076 ipso
746 2998 903 3057 circo
940 2995 1366 3078 accipiendum
1406 3003 1525 3072 est,
1572 2995 1637 3056 in
1673 3017 1798 3077 quo
1832 3018 2036 3059 omnes
2068 3000 2213 3063 illae
2243 3014 2435 3063 certa-

469 3104 659 3162 tiones
691 3099 1061 3162 edebantur:
1100 3119 1302 3181 neque
1337 3101 1502 3161 enim
1535 3119 1648 3180 per
1682 3121 1746 3161 se
1780 3104 2140 3163 cun-iculum
2173 3093 2253 3165 de
2277 3123 2434 3185 qua-

467 3203 781 3283 drigarum
830 3201 1164 3264 certamine
1215 3201 1475 3280 dicitur3
1536 3209 1600 3262 et
1648 3201 1698 3261 si
1742 3201 1844 3263 vel
1878 3201 2248 3265 adiiceretur
2277 3229 2431 3269 carr.

465 3328 745 3389 equanam
784 3306 879 3389 (ut
927 3307 994 3366 in
1048 3306 1239 3366 altero
1284 3301 1445 3386 loco)
1461 3351 1480 3381 ,
1520 3324 1711 3384 quare
1754 3305 2000 3367 tandem
2034 3308 2101 3368 in
2135 3309 2249 3371 hac
2281 3311 2434 3391 legis

466 3411 763 3472 brevitate
810 3429 1006 3470 unum
1067 3428 1260 3488 genus
1309 3408 1587 3469 certandi
1648 3407 1972 3489 diligenter
2024 3420 2153 3472 erat
2200 3415 2431 3493 signifi-

469 3513 731 3573 candum
749 3559 767 3588 ,
818 3513 1071 3593 reliquis
1085 3558 1104 3588 ‚
1157 3512 1436 3592 pugilatu
1454 3558 1473 3587 ,
1523 3511 1890 3591 luctatione,
1939 3514 2110 3593 aliis,
2168 3538 2295 3578 uno
2331 3538 2431 3599 ge·

471 3613 635 3674 neris
667 3614 957 3676 vocabulo
991 3616 1477 3695 comprehensis?
1517 3615 1668 3676 Satis
1700 3609 2065 3697 intelligitur
2088 3618 2430 3700 pleniorem

471 3715 990 3778 enumerationem
1018 3718 1085 3778 in
1117 3720 1328 3799 primis
1364 3719 1695 3780 convenire
1729 3720 1883 3800 legis
1916 3722 2431 3804 interpretationi,

470 3818 767 3881 dedecere
793 3827 995 3880 autem
1025 3820 1225 3900 legem
1258 3823 1466 3902 ipsam.
1549 3824 1667 3885 Sed
1696 3845 1771 3884 ex
1804 3825 1912 3886 illa
1936 3828 2208 3904 generali
2236 3829 2431 3889 distri·

469 3923 721 3985 batione
754 3922 1039 3985 ludorum
1075 3922 1166 4005 (in
1200 3947 1438 3986 caveam
1471 3935 1536 3987 et
1567 3928 1816 4009 circum)
1845 3949 2031 4008 quam
2066 3931 2219 4009 legis
2247 3932 2431 3993 inter·

469 4028 726 4109 pretatio
760 4027 1057 4103 continet,
1090 4029 1531 4091 conficiendum
1561 4052 1686 4092 esse
1714 4033 1929 4112 opinor
1952 4034 2227 4095 eamdem
2250 4035 2432 4096 fuisse

468 4133 534 4194 in
587 4133 755 4212 lege:
813 4152 929 4193 nec
993 4140 1156 4194 certe
1218 4133 1360 4194 licet
1421 4135 1527 4195 illa
1546 4180 1565 4210 ,
1612 4136 1956 4215 popularem
2010 4139 2299 4201 laetitiam
2351 4177 2429 4191 -.
