3131 5032
774 487 820 528 11

766 670 1130 739 excellentia
1158 670 1369 736 abesse
1396 668 1622 736 sentio,
1715 671 1941 758 Itaque
1968 669 2149 759 quod
2176 668 2296 735 illis
2325 683 2391 736 et
2415 672 2728 762 suscipere

764 782 987 863 facile,
1044 796 1111 849 et
1155 779 1447 871 profiteri
1489 780 1829 847 honestum
1877 793 2051 861 erat,
2099 803 2170 846 ea
2204 804 2241 846 a
2274 804 2339 847 sc
2373 782 2514 863 edi,
2560 807 2729 874 quae

764 894 1051 983 priorum
1097 892 1165 959 in
1210 892 1439 959 eodem
1488 912 1680 980 opere
1719 890 1991 957 inventis
2025 905 2091 959 et
2127 892 2497 982 excogitatis
2529 895 2724 961 veluti

761 1006 1096 1073 cumulum
1126 1004 1442 1072 adderent
1461 1054 1478 1084 ,
1510 1001 1877 1092 quibusque
1910 1003 2266 1071 multorum
2298 1003 2518 1071 laudes
2546 1007 2723 1096 quasi

760 1117 1271 1206 complerentur,
1320 1115 1602 1183 multum
1635 1115 1856 1181 aberat
1890 1129 1968 1182 ut
1999 1140 2034 1183 a
2072 1138 2178 1182 me
2209 1117 2510 1205 praestari
2545 1139 2723 1207 posse

757 1249 1073 1316 sperarem
1096 1279 1113 1309 ,
1160 1249 1443 1318 quocum
1479 1226 1723 1316 optime
1754 1225 1857 1317 agi
1891 1226 2206 1307 viderem,
2243 1226 2291 1292 si
2328 1226 2398 1293 in
2428 1230 2732 1297 secundis·

756 1353 870 1407 aut
900 1338 1105 1407 tertiis
1128 1338 1468 1407 consistere
1493 1337 1732 1405 liceret.
1812 1340 2032 1428 Neque
2060 1351 2278 1405 tamen
2304 1338 2464 1405 nihil
2491 1361 2719 1429 operae

755 1449 1036 1539 pretium
1079 1472 1184 1516 me
1230 1449 1559 1516 facturum
1604 1447 1963 1515 sentiebam
1983 1498 2001 1528 ,
2047 1448 2095 1515 si
2129 1471 2329 1539 pauca
2359 1452 2676 1541 quaedam
2699 1503 2717 1532 ,

751 1563 866 1629 sed
895 1561 1146 1653 egregia
1181 1558 1571 1628 emendandi
1616 1558 1927 1648 praesidia
1948 1610 1966 1640 ,
2013 1561 2384 1649 praesertim
2420 1563 2717 1630 nondum

753 1672 838 1740 ab
888 1673 1025 1741 aliis
1071 1672 1394 1762 explorata
1416 1722 1434 1751 ,
1483 1669 1964 1760 diligentissime
1997 1694 2367 1761 usurparem
2382 1724 2400 1753 ,
2447 1674 2719 1742 collatis·

750 1806 878 1875 que
910 1784 984 1851 iis
1000 1834 1019 1865 ‚
1064 1806 1231 1875 quae
1263 1781 1551 1873 proxime
1593 1782 1943 1870 superiores
1974 1782 2250 1849 editores
2282 1783 2679 1874 collegissent
2697 1837 2715 1865 ,

752 1894 1054 1962 orationis
1087 1893 1411 1961 Tullianae
1441 1893 1718 1961 formam
1739 1943 1756 1971 ,
1802 1891 2038 1960 iudicio
2071 1891 2366 1961 adhibito
2383 1945 2399 1974 ,
2433 1895 2718 1983 primum
2763 1894 2768 1901 ’

750 2003 836 2070 ad
885 2025 1026 2070 eam
1077 2002 1352 2070 formam
1404 2001 1713 2069 reducere
1758 2023 2059 2082 conarer,
2107 2025 2304 2094 quam
2349 2003 2538 2070 fuisse
2569 2027 2719 2073 cre-

750 2112 950 2181 dibile
996 2126 1156 2180 esset
1203 2112 1273 2178 in
1322 2110 1432 2180 illo
1474 2114 1685 2193 msto,
1749 2110 1928 2179 unde
1977 2112 2180 2180 nostri
2212 2112 2473 2182 Codices
2513 2114 2715 2183 fluxe-

748 2239 909 2293 runt
922 2276 939 2307 ,
998 2238 1140 2291 tum
1189 2245 1268 2291 eo
1308 2222 1746 2293 confidentius
1794 2222 1879 2290 de
1921 2223 2433 2313 corruptelarum
2475 2247 2717 2316 genere

747 2351 818 2406 et
853 2337 1169 2405 medicina
1193 2387 1211 2416 ‚
1258 2334 1615 2403 rationibus
1645 2334 1890 2402 idoneis
1919 2335 2282 2418 subductis,
2329 2340 2716 2427 pronuncia-

747 2471 914 2515 rem:
962 2461 1287 2539 postremo
1315 2466 1539 2515 eorum
1576 2459 1834 2514 tantum
1867 2469 2040 2528 eam,
2085 2469 2253 2538 quae
2283 2448 2475 2540 vulgo
2505 2449 2711 2526 inter-

747 2560 1027 2651 pretatio
1087 2557 1392 2648 appellari
1447 2557 1642 2638 solet,
1705 2559 2089 2650 attingerem
2112 2610 2131 2641 ,
2191 2560 2263 2627 in
2308 2560 2540 2651 quibus
2594 2578 2715 2631 aut

748 2671 969 2742 omissa
1002 2691 1375 2761 perperam,
1410 2682 1526 2737 aut
1549 2669 1766 2740 minus
1786 2685 1966 2739 recte
1984 2672 2068 2739 ab
2099 2670 2232 2739 aliis
2263 2671 2709 2741 administrata

747 2783 907 2850 mihi
938 2783 1284 2851 videretur.
1376 2782 1506 2851 Sed
1536 2780 1937 2872 singulorum
1973 2782 2136 2854 ratio
2168 2784 2523 2854 accuratius
2552 2785 2708 2866 red,-

746 2895 961 2963 denda
1008 2907 1123 2960 est.

1692 3110 1761 3182 1.

837 3343 1035 3422 Satis,
1081 3340 1314 3421 credo,
1359 3341 1486 3407 iam
1531 3339 1931 3407 intellectum
1975 3355 2070 3407 est
2111 3362 2186 3407 ex
2231 3340 2306 3408 iis
2339 3363 2505 3432 quae
2533 3343 2703 3426 dixi,

746 3456 1156 3523 vehementer
1202 3451 1357 3520 mihi
1399 3450 1656 3541 probari
1693 3473 1765 3518 ea
1786 3501 1803 3531 ,
1850 3473 2018 3540 quae
2043 3452 2387 3539 Madvigius
2419 3454 2488 3521 in
2522 3458 2707 3525 Prae·

744 3569 990 3638 fatione
1023 3567 1124 3635 ad·
1139 3565 1487 3633 editionem
1517 3563 1829 3632 librorum
1860 3568 1955 3632 De
1979 3566 2238 3635 Finibus
2259 3590 2327 3657 p.
2344 3570 2501 3637 XLI.
2525 3592 2666 3660 sqq.
2685 3620 2703 3649 ‚

745 3680 1105 3771 prudenter
1170 3675 1604 3765 distincteque
1664 3675 2014 3765 disputavit
2069 3679 2156 3747 de
2208 3703 2326 3748 usu
2375 3680 2705 3751 Codicum.

746 3793 872 3860 Sed
903 3791 1185 3859 multum
1224 3788 1406 3856 abest
1437 3801 1514 3855 ut
1544 3787 1653 3856 illa
1695 3810 1903 3857 severa
1934 3791 2370 3881 exploratione
2398 3791 2706 3860 Codicum

746 3917 814 3971 et
847 3917 1181 3993 tamquam
1213 3921 1408 3968 censu
1441 3899 1858 3969 difficultates
1895 3899 2228 3971 iudicandi
2260 3917 2330 3971 et
2356 3905 2710 3974 sentcntiae

745 4014 1051 4082 ferendae
1106 4035 1328 4082 omnes
1384 4026 1788 4102 superentur.
1895 4015 2038 4082 Duo
2087 4014 2278 4094 enim
2313 4028 2700 4094 occurrunt,

743 4150 912 4218 quae
943 4126 1086 4194 fieri
1127 4146 1261 4193 non
1304 4135 1515 4213 potest
1556 4124 1722 4213 quin
1751 4126 2148 4196 conturbent
2178 4127 2491 4196 rationem
2523 4147 2663 4194 eam
2682 4176 2700 4206 ,
