3131 5032
805 416 934 484 432
1488 405 1633 474 Lm.
1677 408 1746 491 1,
1791 409 1913 491 20,
1957 407 2067 474 ss.

794 624 1069 679 senatum
1114 622 1175 675 ct
1219 611 1580 674 Antonium:
1637 632 1751 692 pro
1801 611 2007 687 Quint.
2050 610 2121 687 5,
2160 607 2273 687 21,
2312 628 2404 669 res
2443 609 2768 672 moe-im

797 720 961 780 nullo
998 719 1164 778 modo
1193 728 1458 799 poterat.-
1505 716 1709 776 Livius
1737 713 1946 790 XXIV,
1987 713 2070 775 27
2080 759 2100 790 ‚
2140 713 2213 789 6,
2249 712 2562 773 Marcellus
2583 732 2766 794 posse

794 843 917 882 rem
963 822 1270 882 convenire
1316 832 1511 880 ratus.-
1569 818 1808 897 aliaque
1860 816 2134 896 exempla
2185 814 2351 895 apud
2390 815 2670 876 Cortium
2704 823 2767 875 et

796 924 1093 985 Kritzium
1125 923 1204 985 ad
1238 922 1449 983 Salust.
1482 921 1763 1000 Iugurth.
1795 919 2113 994 LXXXIII,
2153 920 2225 978 2:
2259 918 2495 978 Tacitus
2519 919 2672 979 llist.
2705 917 2766 994 1,

797 1027 899 1106 27,
937 1027 1303 1110 significatio
1336 1037 1710 1087 convenerat.-
1741 1024 1980 1103 alioque
2010 1020 2190 1082 modo
2214 1022 2420 1082 Livius
2446 1020 2506 1098 1,
2546 1022 2653 1097 11,
2692 1019 2764 1098 2,

794 1150 919 1191 mm
952 1131 1266 1191 coalescere
1294 1128 1609 1190 concordia
1630 1149 1835 1208 posse.-
1878 1134 2062 1206 atque
2091 1125 2177 1185 sic
2210 1125 2587 1186 locutionem
2620 1124 2690 1184 h.
2721 1123 2770 1183 l.

796 1232 1217 1312 explicandam
1263 1251 1417 1308 esse,
1457 1231 1559 1292 vel
1591 1231 1719 1310 ipsa
1733 1276 1752 1307 ‚
1792 1249 1950 1310 quae
1994 1228 2361 1308 praecedunt
2405 1228 2627 1304 verba,
2671 1246 2767 1289 co·

797 1344 970 1415 gunt.
1070 1335 1368 1395 Omittunt
1422 1334 1718 1395 nonnulla
1771 1333 2053 1394 Codices:
2112 1331 2306 1393 veluti
2364 1331 2609 1410 Lagom.
2655 1331 2767 1408 10,

785 1459 963 1520 posse
992 1458 1115 1497 rem
1148 1472 1227 1485 —
1259 1448 1316 1497 et
1349 1438 1557 1513 simul,
1592 1435 1774 1520 (quae
1801 1444 2004 1498 tamen
2036 1454 2202 1497 mera
2235 1434 2612 1514 negligentia
2645 1453 2768 1495 ene

799 1541 1043 1602 videtur
1056 1538 1100 1621 ‚)
1159 1549 1289 1600 tum
1343 1539 1496 1618 124,
1558 1539 1675 1602 126
1690 1586 1709 1618 ,
1763 1539 1975 1600 eadem
2011 1539 2231 1615 verba,
2271 1556 2430 1618 quae
2466 1536 2769 1598 manutius

801 1644 1184 1725 expungehat
1200 1689 1219 1720 ,
1275 1644 1334 1703 si
1369 1654 1572 1724 posset
1622 1676 1707 1690 -
1755 1643 2063 1703 convenire
2080 1666 2101 1702 .·
2152 1641 2258 1703 sed
2296 1640 2439 1700 illae
2469 1639 2769 1700 editiones

802 1756 971 1826 sunt,
1013 1767 1137 1808 non
1164 1746 1370 1826 scripti
1393 1746 1560 1807 libri.
1635 1746 2042 1807 Nihilominus
2068 1745 2228 1806 nihil
2251 1741 2620 1804 mutandum
2645 1759 2769 1806 θεοῦ

799 1850 992 1911 sentio
1005 1896 1023 1926 ,
1080 1849 1187 1909 sed
1252 1850 1496 1928 culpam
1555 1849 1940 1910 tribuendam
1998 1868 2122 1909 esse
2174 1846 2356 1908 Gellii
2414 1844 2767 1910 stoliditati:

799 1971 943 2012 nam
988 1950 1185 2030 ipsum
1221 1950 1415 2026 illud,
1454 1950 1692 2029 aliquid
1724 1950 1882 2009 inter
1917 1969 2014 2008 eos
2047 1949 2391 2022 convenire,
2431 1945 2767 2008 ridiculum

800 2060 929 2115 erat
946 2097 965 2128 ,
1006 2052 1176 2132 quasi
1209 2053 1511 2113 incertum
1544 2058 1697 2111 esset
1733 2071 1856 2131 qua
1889 2050 1968 2110 de
2000 2069 2068 2110 re
2101 2058 2414 2129 ageretur:
2458 2047 2565 2126 sed
2602 2046 2769 2109 edidi

794 2153 878 2217 ex
946 2155 1186 2235 optimis
1200 2201 1219 2232 ,
1288 2156 1531 2234 aliquod
1545 2200 1564 2230 ‚
1637 2154 1802 2233 quod
1873 2160 2228 2233 corruptum
2294 2159 2445 2232 puto
2508 2170 2588 2212 ex
2650 2152 2768 2212 ali—

803 2258 1054 2341 quando.
1120 2290 1203 2304 —
1264 2259 1430 2332 Quae
1490 2254 1672 2318 modo
1724 2277 1761 2318 a
1814 2256 2109 2335 Madvigio
2169 2255 2492 2315 mutuabat
2508 2297 2529 2331 ,
2588 2253 2671 2314 de
2711 2254 2769 2314 si

792 2371 1026 2442 posset,
1067 2379 1139 2420 ea
1173 2359 1564 2438 pertinebunt
1598 2358 1676 2419 ad
1710 2358 2137 2437 corrigendum
2166 2355 2458 2418 Moserum
2494 2363 2557 2417 et
2590 2356 2766 2418 Creu·

804 2483 1011 2526 serum
1028 2510 1047 2541 ,
1087 2464 1197 2545 qui
1229 2463 1306 2526 ad
1337 2462 1536 2524 Divin.
1573 2462 1668 2539 11,
1700 2459 1805 2537 10,
1841 2462 1953 2539 26,
1986 2480 2306 2542 perperam
2338 2460 2530 2521 alium
2564 2459 2767 2521 locum

803 2567 954 2629 ibid.
1004 2566 1119 2645 34,
1180 2566 1261 2630 72
1281 2614 1299 2645 ‚
1354 2567 1437 2649 (si
1485 2567 1819 2626 videbitur.-
1874 2568 1934 2626 si
1968 2563 2322 2647 pascuntur)
2367 2564 2444 2624 ad
2493 2562 2768 2624 eamdem

807 2671 1102 2732 rationem
1152 2677 1463 2731 vocarunt.
1514 2700 1596 2714 —-
1645 2669 1819 2744 Quod
1869 2668 1938 2727 in
1970 2668 2167 2730 Gellio
2197 2666 2457 2730 ioculare
2487 2674 2765 2743 notatur,

808 2773 1038 2853 placuit
1068 2772 1311 2833 fortasse
1347 2772 1619 2850 Tiberio,
1660 2772 1738 2832 de
1765 2792 1890 2851 quo
1923 2771 2238 2833 Suetonius
2266 2771 2405 2849 Cap.
2448 2769 2518 2830 11
2541 2815 2563 2848 ‚
2602 2765 2766 2833 haud

808 2877 1119 2940 dissimilia
1151 2885 1375 2940 narrat.

888 2964 1049 3042 inse}
1072 2983 1381 3062 antiquam
1399 2980 1809 3062 Academiam)
1885 2981 2151 3060 1nt0mgi
2164 2978 2588 3059 Peripateticos
2615 2995 2767 3058 quo-

812 3103 969 3165 que,
1009 3092 1143 3145 tum
1176 3104 1212 3144 e
1255 3084 1299 3166 §
1342 3086 1421 3146 55
1459 3084 1855 3163 intelligitur,
1895 3091 2026 3143 tum
2069 3102 2145 3143 ex
2176 3082 2305 3144 Fin.
2339 3080 2425 3157 V,
2464 3081 2538 3157 3,
2577 3080 2654 3144 7:
2694 3076 2767 3140 ad

765 3208 768 3211 ’
814 3206 997 3267 quem
1031 3187 1233 3248 locum
1266 3187 1335 3246 in
1369 3188 1686 3248 Goerenzii
1728 3187 2111 3248 annotatione
2146 3185 2335 3245 miror
2368 3184 2767 3263 patrocinium

813 3297 1153 3368 susceptum
1188 3310 1311 3350 esse
1342 3290 1542 3370 putidi
1570 3289 1932 3370 glossematis
1967 3291 2033 3349 in
2063 3288 2230 3349 Brut.
2270 3287 2346 3349 31
2367 3332 2387 3363 ‚
2431 3286 2567 3348 120.

892 3412 1091 3452 unane
1139 3404 1224 3452 est
1268 3393 1455 3452 solum
1506 3394 1795 3453 dissensio
1812 3391 1870 3474 Ρ)
1948 3391 2119 3469 Quod
2170 3392 2240 3451 in
2272 3390 2481 3450 multis
2514 3389 2765 3469 legitur,

817 3514 939 3554 non
972 3494 1237 3572 optimis,
1267 3516 1388 3556 uota
1422 3495 1492 3555 de
1516 3517 1578 3555 re
1614 3508 1699 3556 est
1721 3518 1770 3557 s.
1807 3495 1895 3570 d.‚
1937 3515 2013 3556 ex
2047 3493 2509 3575 interpolatione
2539 3500 2764 3565 ortum,

816 3602 887 3655 ut
916 3595 1127 3655 videre
1157 3595 1304 3655 licet
1323 3597 1390 3656 in
1422 3596 1487 3658 B.
1569 3597 2034 3677 wyttenbachio
2060 3597 2253 3659 facete
2280 3596 2510 3658 scilicet
2539 3595 2767 3656 dictum

817 3694 1169 3772 videbatur,
1209 3716 1333 3757 una
1366 3698 1434 3757 de
1463 3719 1554 3776 re,
1585 3720 1735 3779 quae
1765 3699 1846 3760 ad
1873 3720 1993 3760 rem
2013 3700 2337 3782 pertineat.-
2366 3699 2520 3760 mihi
2546 3706 2766 3759 coutra-

817 3800 1108 3879 Reliquae
1141 3802 1553 3880 corruptiones
1574 3849 1593 3881 ‚
1629 3823 1739 3882 per
1764 3824 1911 3884 quas
1943 3825 2054 3885 pro
2086 3806 2209 3864 ain'
2241 3803 2472 3864 tandem
2490 3848 2510 3879 ‚
2547 3801 2763 3880 legitur

820 3924 901 3965 an
928 3913 1225 3964 tantamne
1240 3948 1259 3978 ‚
1300 3912 1403 3964 aut
1437 3926 1518 3965 cm
1552 3907 1817 3984 intersit,
1853 3907 2141 3968 facillime
2169 3913 2591 3986 agnoscuntur.
2672 3901 2765 3961 Ge·

822 4016 1020 4067 terum
1056 4027 1180 4067 m
1213 4007 1500 4067 dissensio
1518 4054 1537 4084 ,
1578 4010 1905 4069 rectissime
1943 4008 2168 4069 dicitur
2182 4053 2200 4084 ‚
2240 4026 2351 4087 pro
2389 4005 2675 4067 dissensio
2704 4000 2767 4060 de

820 4130 944 4170 una
992 4128 1052 4167 re
1069 4134 1090 4168 .·
1147 4118 1511 4192 quapropter
1562 4111 1850 4191 glossema
1888 4111 2257 4176 eiiciendum
2286 4117 2373 4172 est
2407 4130 2482 4172 ex
2514 4107 2764 4187 Philipp-
