<?xml version="1.0" encoding="UTF-8"?>
<!DOCTYPE html PUBLIC "-//W3C//DTD XHTML 1.0 Transitional//EN"
    "http://www.w3.org/TR/xhtml1/DTD/xhtml1-transitional.dtd">
<html xmlns="http://www.w3.org/1999/xhtml" xml:lang="en" lang="en">
 <head>
  <title>
</title>
<meta http-equiv="Content-Type" content="text/html;charset=utf-8" />
  <meta name='ocr-system' content='tesseract 3.04.00' />
  <meta name='ocr-capabilities' content='ocr_page ocr_carea ocr_par ocr_line ocrx_word'/>
</head>
<body>
  <div class='ocr_page' id='page_1' title='image "./mtulliiciceroni02bakegoog_0140.png"; bbox 0 0 3131 5032; ppageno 0'>
   <div class='ocr_carea' id='block_1_1' title="bbox 1450 467 1546 543">
    <p class='ocr_par' dir='ltr' id='par_1_1' title="bbox 1450 467 1546 543">
     <span class='ocr_line' id='line_1_1' title="bbox 1450 467 1546 543; baseline -0.01 0"><span class='ocrx_word' id='word_1_1' title='bbox 1450 467 1546 543; x_wconf 81' lang='lat'><strong>73</strong></span> 
     </span>
    </p>
   </div>
   <div class='ocr_carea' id='block_1_2' title="bbox 493 679 2767 4005">
    <p class='ocr_par' dir='ltr' id='par_1_2' title="bbox 493 679 2767 4005">
     <span class='ocr_line' id='line_1_2' title="bbox 511 679 2474 783; baseline 0 -25"><span class='ocrx_word' id='word_1_2' title='bbox 511 680 650 758; x_wconf 85' lang='lat' dir='ltr'><strong>sed</strong></span> <span class='ocrx_word' id='word_1_3' title='bbox 687 695 854 780; x_wconf 85' lang='lat' dir='ltr'><strong>post</strong></span> <span class='ocrx_word' id='word_1_4' title='bbox 888 679 1291 776; x_wconf 78' lang='lat' dir='ltr'><strong>aliquanto,</strong></span> <span class='ocrx_word' id='word_1_5' title='bbox 1332 696 1634 782; x_wconf 80' lang='lat' dir='ltr'><strong>propter</strong></span> <span class='ocrx_word' id='word_1_6' title='bbox 1672 683 1798 756; x_wconf 84' lang='lat' dir='ltr'><strong>has</strong></span> <span class='ocrx_word' id='word_1_7' title='bbox 1828 683 2335 783; x_wconf 81' lang='lat' dir='ltr'><strong>amplitudines</strong></span> <span class='ocrx_word' id='word_1_8' title='bbox 2366 710 2474 758; x_wconf 88' lang='lat' dir='ltr'><strong>se·</strong></span> 
     </span>
     <span class='ocr_line' id='line_1_3' title="bbox 514 801 2476 905; baseline 0 -30"><span class='ocrx_word' id='word_1_9' title='bbox 514 801 935 902; x_wconf 89' lang='lat' dir='ltr'><strong>pulcrorum</strong></span> <span class='ocrx_word' id='word_1_10' title='bbox 970 823 1151 897; x_wconf 90' lang='lat' dir='ltr'><strong>quas</strong></span> <span class='ocrx_word' id='word_1_11' title='bbox 1191 803 1265 871; x_wconf 90' lang='lat' dir='ltr'><strong>in</strong></span> <span class='ocrx_word' id='word_1_12' title='bbox 1299 805 1670 875; x_wconf 83' lang='lat' dir='ltr'>Ceramico</span> <span class='ocrx_word' id='word_1_13' title='bbox 1724 804 2089 895; x_wconf 64' lang='lat' dir='ltr'><strong>videmus,</strong></span> <span class='ocrx_word' id='word_1_14' title='bbox 2127 805 2283 905; x_wconf 86' lang='lat' dir='ltr'><strong>lege</strong></span> <span class='ocrx_word' id='word_1_15' title='bbox 2329 829 2476 876; x_wconf 88' lang='lat' dir='ltr'><strong>san·</strong></span> 
     </span>
     <span class='ocr_line' id='line_1_4' title="bbox 515 921 2479 1024; baseline 0.001 -30"><span class='ocrx_word' id='word_1_16' title='bbox 515 935 717 994; x_wconf 87' lang='lat' dir='ltr'><strong>ctum</strong></span> <span class='ocrx_word' id='word_1_17' title='bbox 776 932 885 991; x_wconf 89' lang='lat' dir='ltr'><strong>est</strong></span> <span class='ocrx_word' id='word_1_18' title='bbox 943 943 1034 991; x_wconf 88' lang='lat' dir='ltr'><strong>ne</strong></span> <span class='ocrx_word' id='word_1_19' title='bbox 1092 922 1256 1016; x_wconf 90' lang='lat' dir='ltr'><strong>quis</strong></span> <span class='ocrx_word' id='word_1_20' title='bbox 1304 921 1719 1020; x_wconf 86' lang='lat' dir='ltr'><strong>sepulcrum</strong></span> <span class='ocrx_word' id='word_1_21' title='bbox 1780 923 2051 997; x_wconf 87' lang='lat' dir='ltr'><strong>faceret</strong></span> <span class='ocrx_word' id='word_1_22' title='bbox 2101 928 2479 1024; x_wconf 79' lang='lat' dir='ltr'>operosius</span> 
     </span>
     <span class='ocr_line' id='line_1_5' title="bbox 514 1036 2473 1138; baseline 0.002 -26"><span class='ocrx_word' id='word_1_23' title='bbox 514 1064 730 1138; x_wconf 89' lang='lat' dir='ltr'><strong>quam</strong></span> <span class='ocrx_word' id='word_1_24' title='bbox 797 1036 1001 1135; x_wconf 88' lang='lat' dir='ltr'><strong>quod</strong></span> <span class='ocrx_word' id='word_1_25' title='bbox 1062 1038 1315 1112; x_wconf 88' lang='lat' dir='ltr'><strong>decem</strong></span> <span class='ocrx_word' id='word_1_26' title='bbox 1377 1038 1711 1115; x_wconf 90' lang='lat' dir='ltr'><strong>homines</strong></span> <span class='ocrx_word' id='word_1_27' title='bbox 1770 1042 2144 1117; x_wconf 83' lang='lat' dir='ltr'><strong>effecerint</strong></span> <span class='ocrx_word' id='word_1_28' title='bbox 2199 1042 2473 1135; x_wconf 85' lang='lat' dir='ltr'><strong>triduo,</strong></span> 
     </span>
     <span class='ocr_line' id='line_1_6' title="bbox 497 1157 2631 1257; baseline 0.002 -26"><span class='ocrx_word' id='word_1_29' title='bbox 497 1183 754 1257; x_wconf 87' lang='lat' dir='ltr'><strong>-neque</strong></span> <span class='ocrx_word' id='word_1_30' title='bbox 796 1157 872 1230; x_wconf 91' lang='lat' dir='ltr'><strong>id</strong></span> <span class='ocrx_word' id='word_1_31' title='bbox 925 1182 1148 1256; x_wconf 89' lang='lat' dir='ltr'><strong>opere</strong></span> <span class='ocrx_word' id='word_1_32' title='bbox 1201 1164 1514 1233; x_wconf 79' lang='lat' dir='ltr'><strong>textorio</strong></span> <span class='ocrx_word' id='word_1_33' title='bbox 1539 1168 1562 1207; x_wconf 88' lang='lat'>²</span> <span class='ocrx_word' id='word_1_34' title='bbox 1611 1168 1981 1251; x_wconf 79' lang='lat' dir='ltr'><strong>exornari,</strong></span> <span class='ocrx_word' id='word_1_35' title='bbox 2020 1187 2157 1237; x_wconf 91' lang='lat' dir='ltr'><strong>nec</strong></span> <span class='ocrx_word' id='word_1_36' title='bbox 2188 1164 2473 1237; x_wconf 82' lang='lat' dir='ltr'><strong>hermas</strong></span> <span class='ocrx_word' id='word_1_37' title='bbox 2545 1161 2631 1219; x_wconf 76' lang='lat'><strong>⁶⁵·</strong></span> 
     </span>
     <span class='ocr_line' id='line_1_7' title="bbox 512 1278 2474 1382; baseline 0.001 -30"><span class='ocrx_word' id='word_1_38' title='bbox 512 1280 680 1370; x_wconf 88' lang='lat' dir='ltr'><strong>hos,</strong></span> <span class='ocrx_word' id='word_1_39' title='bbox 717 1303 904 1376; x_wconf 90' lang='lat' dir='ltr'><strong>quos</strong></span> <span class='ocrx_word' id='word_1_40' title='bbox 934 1278 1518 1370; x_wconf 73' lang='lat' dir='ltr'><strong>vooent‚.licebat</strong></span> <span class='ocrx_word' id='word_1_41' title='bbox 1555 1286 1877 1382; x_wconf 82' lang='lat' dir='ltr'><strong>imponi,</strong></span> <span class='ocrx_word' id='word_1_42' title='bbox 1908 1292 2055 1357; x_wconf 74' lang='lat' dir='ltr'><strong>nec‘</strong></span> <span class='ocrx_word' id='word_1_43' title='bbox 2074 1282 2165 1356; x_wconf 93' lang='lat' dir='ltr'><strong>de</strong></span> <span class='ocrx_word' id='word_1_44' title='bbox 2201 1287 2474 1356; x_wconf 86' lang='lat' dir='ltr'><strong>mortui</strong></span> 
     </span>
     <span class='ocr_line' id='line_1_8' title="bbox 508 1397 2467 1500; baseline -0.001 -25"><span class='ocrx_word' id='word_1_45' title='bbox 508 1397 750 1487; x_wconf 87' lang='lat' dir='ltr'><strong>laude,</strong></span> <span class='ocrx_word' id='word_1_46' title='bbox 809 1400 947 1469; x_wconf 90' lang='lat' dir='ltr'><strong>nisi</strong></span> <span class='ocrx_word' id='word_1_47' title='bbox 1004 1400 1080 1468; x_wconf 91' lang='lat' dir='ltr'><strong>in</strong></span> <span class='ocrx_word' id='word_1_48' title='bbox 1138 1397 1449 1496; x_wconf 88' lang='lat' dir='ltr'><strong>publicis</strong></span> <span class='ocrx_word' id='word_1_49' title='bbox 1505 1401 1926 1500; x_wconf 83' lang='lat' dir='ltr'><strong>sepulturis,</strong></span> <span class='ocrx_word' id='word_1_50' title='bbox 1984 1427 2121 1476; x_wconf 88' lang='lat' dir='ltr'><strong>nec</strong></span> <span class='ocrx_word' id='word_1_51' title='bbox 2174 1401 2269 1476; x_wconf 90' lang='lat' dir='ltr'><strong>ab</strong></span> <span class='ocrx_word' id='word_1_52' title='bbox 2297 1402 2467 1492; x_wconf 86' lang='lat' dir='ltr'><strong>alio,</strong></span> 
     </span>
     <span class='ocr_line' id='line_1_9' title="bbox 509 1514 2529 1616; baseline 0 -23"><span class='ocrx_word' id='word_1_53' title='bbox 509 1522 650 1593; x_wconf 86' lang='lat' dir='ltr'><strong>nisi</strong></span> <span class='ocrx_word' id='word_1_54' title='bbox 693 1521 825 1616; x_wconf 89' lang='lat' dir='ltr'><strong>qui</strong></span> <span class='ocrx_word' id='word_1_55' title='bbox 850 1523 877 1563; x_wconf 85' lang='lat'>²</span> <span class='ocrx_word' id='word_1_56' title='bbox 926 1514 1216 1616; x_wconf 89' lang='lat' dir='ltr'><strong>publice</strong></span> <span class='ocrx_word' id='word_1_57' title='bbox 1254 1518 1343 1591; x_wconf 86' lang='lat' dir='ltr'><strong>nd</strong></span> <span class='ocrx_word' id='word_1_58' title='bbox 1385 1543 1548 1593; x_wconf 82' lang='lat' dir='ltr'><strong>eam</strong></span> <span class='ocrx_word' id='word_1_59' title='bbox 1585 1546 1737 1594; x_wconf 90' lang='lat' dir='ltr'><strong>rem</strong></span> <span class='ocrx_word' id='word_1_60' title='bbox 1775 1526 2212 1596; x_wconf 87' lang='lat' dir='ltr'><strong>constitutus</strong></span> <span class='ocrx_word' id='word_1_61' title='bbox 2245 1535 2465 1614; x_wconf 88' lang='lat' dir='ltr'><strong>esset,</strong></span> <span class='ocrx_word' id='word_1_62' title='bbox 2524 1588 2529 1593; x_wconf 83' lang='lat'><strong>.</strong></span> 
     </span>
     <span class='ocr_line' id='line_1_10' title="bbox 509 1635 2469 1720; baseline 0.001 -8"><span class='ocrx_word' id='word_1_63' title='bbox 509 1638 654 1712; x_wconf 89' lang='lat' dir='ltr'><strong>dici</strong></span> <span class='ocrx_word' id='word_1_64' title='bbox 704 1635 996 1714; x_wconf 86' lang='lat' dir='ltr'><strong>licebat.</strong></span> <span class='ocrx_word' id='word_1_65' title='bbox 1095 1635 1387 1720; x_wconf 86' lang='lat' dir='ltr'><strong>Sublata</strong></span> <span class='ocrx_word' id='word_1_66' title='bbox 1428 1643 1645 1713; x_wconf 89' lang='lat' dir='ltr'><strong>etiam</strong></span> <span class='ocrx_word' id='word_1_67' title='bbox 1692 1655 1844 1715; x_wconf 88' lang='lat' dir='ltr'><strong>erat</strong></span> <span class='ocrx_word' id='word_1_68' title='bbox 1873 1640 2248 1715; x_wconf 80' lang='lat' dir='ltr'><strong>celebritas</strong></span> <span class='ocrx_word' id='word_1_69' title='bbox 2279 1646 2469 1713; x_wconf 85' lang='lat' dir='ltr'><strong>viro-</strong></span> 
     </span>
     <span class='ocr_line' id='line_1_11' title="bbox 493 1746 2465 1853; baseline -0.003 -19"><span class='ocrx_word' id='word_1_70' title='bbox 493 1783 677 1836; x_wconf 75' lang='lat' dir='ltr'><strong>·rum</strong></span> <span class='ocrx_word' id='word_1_71' title='bbox 731 1781 817 1832; x_wconf 83' lang='lat' dir='ltr'><strong>ac</strong></span> <span class='ocrx_word' id='word_1_72' title='bbox 875 1754 1289 1846; x_wconf 86' lang='lat' dir='ltr'><strong>mulierum,</strong></span> <span class='ocrx_word' id='word_1_73' title='bbox 1348 1780 1500 1853; x_wconf 90' lang='lat' dir='ltr'><strong>quo</strong></span> <span class='ocrx_word' id='word_1_74' title='bbox 1539 1746 1955 1832; x_wconf 77' lang='lat' dir='ltr'><strong>lamentatio</strong></span> <span class='ocrx_word' id='word_1_75' title='bbox 1984 1761 2465 1833; x_wconf 85' lang='lat' dir='ltr'><strong>minueretur:</strong></span> 
     </span>
     <span class='ocr_line' id='line_1_12' title="bbox 507 1875 2626 1975; baseline 0.002 -26"><span class='ocrx_word' id='word_1_76' title='bbox 507 1877 733 1951; x_wconf 85' lang='lat' dir='ltr'><strong>habet</strong></span> <span class='ocrx_word' id='word_1_77' title='bbox 783 1878 982 1953; x_wconf 87' lang='lat' dir='ltr'><strong>enim</strong></span> <span class='ocrx_word' id='word_1_78' title='bbox 1029 1875 1308 1949; x_wconf 89' lang='lat' dir='ltr'><strong>luctum</strong></span> <span class='ocrx_word' id='word_1_79' title='bbox 1364 1899 1760 1950; x_wconf 84' lang='lat' dir='ltr'><strong>concursus</strong></span> <span class='ocrx_word' id='word_1_80' title='bbox 1811 1878 2224 1953; x_wconf 87' lang='lat' dir='ltr'><strong>hominum:</strong></span> <span class='ocrx_word' id='word_1_81' title='bbox 2282 1902 2467 1975; x_wconf 86' lang='lat' dir='ltr'><strong>quo·-</strong></span> <span class='ocrx_word' id='word_1_82' title='bbox 2537 1895 2626 1954; x_wconf 75' lang='lat' dir='ltr'><strong>eo.</strong></span> 
     </span>
     <span class='ocr_line' id='line_1_13' title="bbox 512 1994 2468 2095; baseline 0 -24"><span class='ocrx_word' id='word_1_83' title='bbox 512 2000 698 2071; x_wconf 88' lang='lat' dir='ltr'><strong>circa</strong></span> <span class='ocrx_word' id='word_1_84' title='bbox 741 1998 1057 2068; x_wconf 90' lang='lat' dir='ltr'><strong>Pittacus</strong></span> <span class='ocrx_word' id='word_1_85' title='bbox 1093 1997 1396 2069; x_wconf 90' lang='lat' dir='ltr'><strong>omnino</strong></span> <span class='ocrx_word' id='word_1_86' title='bbox 1427 1994 1769 2072; x_wconf 83' lang='lat' dir='ltr'><strong>accedere</strong></span> <span class='ocrx_word' id='word_1_87' title='bbox 1801 2022 2246 2095; x_wconf 89' lang='lat' dir='ltr'><strong>quemquam</strong></span> <span class='ocrx_word' id='word_1_88' title='bbox 2275 2011 2468 2071; x_wconf 87' lang='lat' dir='ltr'><strong>vetat</strong></span> 
     </span>
     <span class='ocr_line' id='line_1_14' title="bbox 511 2111 2470 2191; baseline 0.002 -4"><span class='ocrx_word' id='word_1_89' title='bbox 511 2119 586 2187; x_wconf 92' lang='lat' dir='ltr'><strong>in</strong></span> <span class='ocrx_word' id='word_1_90' title='bbox 646 2112 869 2187; x_wconf 88' lang='lat' dir='ltr'><strong>funus</strong></span> <span class='ocrx_word' id='word_1_91' title='bbox 917 2111 1249 2191; x_wconf 83' lang='lat' dir='ltr'><strong>aliorum.</strong></span> <span class='ocrx_word' id='word_1_92' title='bbox 1345 2112 1485 2187; x_wconf 86' lang='lat' dir='ltr'><strong>Sed</strong></span> <span class='ocrx_word' id='word_1_93' title='bbox 1534 2118 1635 2188; x_wconf 91' lang='lat' dir='ltr'><strong>ait</strong></span> <span class='ocrx_word' id='word_1_94' title='bbox 1660 2184 1665 2187; x_wconf 84' lang='lat'>.</span> <span class='ocrx_word' id='word_1_95' title='bbox 1688 2140 1934 2191; x_wconf 83' lang='lat' dir='ltr'><strong>rursus</strong></span> <span class='ocrx_word' id='word_1_96' title='bbox 1976 2115 2169 2189; x_wconf 90' lang='lat' dir='ltr'><strong>idem</strong></span> <span class='ocrx_word' id='word_1_97' title='bbox 2214 2122 2470 2191; x_wconf 86' lang='lat' dir='ltr'><strong>Deme·-</strong></span> 
     </span>
     <span class='ocr_line' id='line_1_15' title="bbox 513 2212 2472 2332; baseline 0.002 -27"><span class='ocrx_word' id='word_1_98' title='bbox 513 2236 726 2323; x_wconf 86' lang='lat' dir='ltr'><strong>trius,</strong></span> <span class='ocrx_word' id='word_1_99' title='bbox 754 2212 1238 2313; x_wconf 76' lang='lat' dir='ltr'><strong>increbruisse</strong></span> <span class='ocrx_word' id='word_1_100' title='bbox 1269 2254 1428 2303; x_wconf 89' lang='lat' dir='ltr'><strong>eam</strong></span> <span class='ocrx_word' id='word_1_101' title='bbox 1454 2228 1796 2309; x_wconf 87' lang='lat' dir='ltr'><strong>funerum</strong></span> <span class='ocrx_word' id='word_1_102' title='bbox 1824 2232 2472 2332; x_wconf 85' lang='lat' dir='ltr'><strong>sepulcrorumque</strong></span> 
     </span>
     <span class='ocr_line' id='line_1_16' title="bbox 515 2349 2469 2449; baseline 0.001 -23"><span class='ocrx_word' id='word_1_103' title='bbox 515 2349 1153 2449; x_wconf 88' lang='lat' dir='ltr'><strong>magnificentiam,</strong></span> <span class='ocrx_word' id='word_1_104' title='bbox 1226 2374 1415 2447; x_wconf 89' lang='lat' dir='ltr'><strong>quae</strong></span> <span class='ocrx_word' id='word_1_105' title='bbox 1491 2376 1689 2424; x_wconf 86' lang='lat' dir='ltr'><strong>nuno</strong></span> <span class='ocrx_word' id='word_1_106' title='bbox 1762 2351 1916 2427; x_wconf 84' lang='lat' dir='ltr'><strong>fere</strong></span> <span class='ocrx_word' id='word_1_107' title='bbox 1993 2359 2266 2428; x_wconf 88' lang='lat' dir='ltr'><strong>Romae</strong></span> <span class='ocrx_word' id='word_1_108' title='bbox 2340 2370 2469 2429; x_wconf 86' lang='lat' dir='ltr'><strong>est.</strong></span> 
     </span>
     <span class='ocr_line' id='line_1_17' title="bbox 499 2466 2473 2576; baseline 0.003 -32"><span class='ocrx_word' id='word_1_109' title='bbox 499 2476 750 2565; x_wconf 78' lang='lat' dir='ltr'><strong>‚Quam</strong></span> <span class='ocrx_word' id='word_1_110' title='bbox 810 2466 1413 2548; x_wconf 73' lang='lat' dir='ltr'><strong>consuetudinem</strong></span> <span class='ocrx_word' id='word_1_111' title='bbox 1478 2469 1638 2573; x_wconf 87' lang='lat' dir='ltr'><strong>lege</strong></span> <span class='ocrx_word' id='word_1_112' title='bbox 1690 2476 1951 2546; x_wconf 90' lang='lat' dir='ltr'><strong>minuit</strong></span> <span class='ocrx_word' id='word_1_113' title='bbox 2014 2478 2189 2576; x_wconf 88' lang='lat' dir='ltr'><strong>ipse.</strong></span> <span class='ocrx_word' id='word_1_114' title='bbox 2310 2479 2473 2556; x_wconf 83' lang='lat' dir='ltr'><strong>Fuit</strong></span> 
     </span>
     <span class='ocr_line' id='line_1_18' title="bbox 514 2591 2472 2686; baseline 0.002 -22"><span class='ocrx_word' id='word_1_115' title='bbox 514 2596 704 2668; x_wconf 82' lang='lat' dir='ltr'><strong>enim</strong></span> <span class='ocrx_word' id='word_1_116' title='bbox 748 2591 869 2664; x_wconf 89' lang='lat' dir='ltr'><strong>hic</strong></span> <span class='ocrx_word' id='word_1_117' title='bbox 904 2593 1048 2677; x_wconf 84' lang='lat' dir='ltr'><strong>vir,</strong></span> <span class='ocrx_word' id='word_1_118' title='bbox 1087 2602 1173 2668; x_wconf 89' lang='lat' dir='ltr'><strong>ut</strong></span> <span class='ocrx_word' id='word_1_119' title='bbox 1206 2592 1429 2681; x_wconf 76' lang='lat' dir='ltr'><strong>scitiS,</strong></span> <span class='ocrx_word' id='word_1_120' title='bbox 1462 2616 1610 2663; x_wconf 87' lang='lat' dir='ltr'><strong>non</strong></span> <span class='ocrx_word' id='word_1_121' title='bbox 1646 2593 1882 2670; x_wconf 91' lang='lat' dir='ltr'><strong>solum</strong></span> <span class='ocrx_word' id='word_1_122' title='bbox 1914 2595 2472 2686; x_wconf 85' lang='lat' dir='ltr'><strong>eruditissimus,</strong></span> 
     </span>
     <span class='ocr_line' id='line_1_19' title="bbox 513 2708 2474 2813; baseline 0.002 -25"><span class='ocrx_word' id='word_1_123' title='bbox 513 2712 646 2788; x_wconf 78' lang='lat' dir='ltr'><strong>sed</strong></span> <span class='ocrx_word' id='word_1_124' title='bbox 678 2715 896 2790; x_wconf 85' lang='lat' dir='ltr'><strong>etiam</strong></span> <span class='ocrx_word' id='word_1_125' title='bbox 933 2713 1102 2781; x_wconf 84' lang='lat' dir='ltr'><strong>civis</strong></span> <span class='ocrx_word' id='word_1_126' title='bbox 1131 2733 1172 2781; x_wconf 91' lang='lat' dir='ltr'><strong>e</strong></span> <span class='ocrx_word' id='word_1_127' title='bbox 1210 2733 1289 2782; x_wconf 86' lang='lat' dir='ltr'><strong>re</strong></span> <span class='ocrx_word' id='word_1_128' title='bbox 1319 2708 1608 2808; x_wconf 88' lang='lat' dir='ltr'><strong>publica</strong></span> <span class='ocrx_word' id='word_1_129' title='bbox 1638 2717 1979 2805; x_wconf 83' lang='lat' dir='ltr'><strong>maxime,</strong></span> <span class='ocrx_word' id='word_1_130' title='bbox 2015 2715 2474 2813; x_wconf 80' lang='lat' dir='ltr'><strong>tuendaeque</strong></span> 
     </span>
     <span class='ocr_line' id='line_1_20' title="bbox 521 2830 2478 2928; baseline -0.001 -24"><span class='ocrx_word' id='word_1_131' title='bbox 521 2834 816 2904; x_wconf 87' lang='lat' dir='ltr'><strong>civitatis</strong></span> <span class='ocrx_word' id='word_1_132' title='bbox 870 2830 1357 2928; x_wconf 88' lang='lat' dir='ltr'><strong>paratissimus</strong></span> <span class='ocrx_word' id='word_1_133' title='bbox 1385 2844 1437 2898; x_wconf 76' lang='lat'><strong>³.</strong></span> <span class='ocrx_word' id='word_1_134' title='bbox 1535 2833 1675 2901; x_wconf 91' lang='lat' dir='ltr'><strong>Iste</strong></span> <span class='ocrx_word' id='word_1_135' title='bbox 1729 2834 1953 2926; x_wconf 85' lang='lat' dir='ltr'><strong>igitur</strong></span> <span class='ocrx_word' id='word_1_136' title='bbox 1989 2846 2311 2903; x_wconf 89' lang='lat' dir='ltr'><strong>sumtum</strong></span> <span class='ocrx_word' id='word_1_137' title='bbox 2348 2837 2478 2903; x_wconf 89' lang='lat' dir='ltr'><strong>mi-</strong></span> 
     </span>
     <span class='ocr_line' id='line_1_21' title="bbox 521 2946 2476 3050; baseline -0.002 -24"><span class='ocrx_word' id='word_1_138' title='bbox 521 2953 711 3038; x_wconf 82' lang='lat' dir='ltr'><strong>nuit,</strong></span> <span class='ocrx_word' id='word_1_139' title='bbox 748 2973 900 3021; x_wconf 89' lang='lat' dir='ltr'><strong>non</strong></span> <span class='ocrx_word' id='word_1_140' title='bbox 938 2947 1173 3019; x_wconf 87' lang='lat' dir='ltr'><strong>solum</strong></span> <span class='ocrx_word' id='word_1_141' title='bbox 1209 2971 1477 3046; x_wconf 85' lang='lat' dir='ltr'><strong>poena,</strong></span> <span class='ocrx_word' id='word_1_142' title='bbox 1515 2946 1643 3020; x_wconf 88' lang='lat' dir='ltr'><strong>sed</strong></span> <span class='ocrx_word' id='word_1_143' title='bbox 1681 2952 1896 3021; x_wconf 88' lang='lat' dir='ltr'><strong>etiam</strong></span> <span class='ocrx_word' id='word_1_144' title='bbox 1923 2963 2279 3050; x_wconf 86' lang='lat' dir='ltr'><strong>tempore:</strong></span> <span class='ocrx_word' id='word_1_145' title='bbox 2308 2965 2476 3024; x_wconf 89' lang='lat' dir='ltr'><strong>ante</strong></span> 
     </span>
     <span class='ocr_line' id='line_1_22' title="bbox 517 3065 2478 3168; baseline -0.001 -26"><span class='ocrx_word' id='word_1_146' title='bbox 517 3070 755 3150; x_wconf 83' lang='lat' dir='ltr'><strong>lucem</strong></span> <span class='ocrx_word' id='word_1_147' title='bbox 798 3073 992 3141; x_wconf 90' lang='lat' dir='ltr'><strong>enim</strong></span> <span class='ocrx_word' id='word_1_148' title='bbox 1023 3071 1227 3146; x_wconf 86' lang='lat' dir='ltr'><strong>iussit</strong></span> <span class='ocrx_word' id='word_1_149' title='bbox 1263 3065 1528 3140; x_wconf 85' lang='lat' dir='ltr'><strong>efferri.</strong></span> <span class='ocrx_word' id='word_1_150' title='bbox 1606 3068 1965 3168; x_wconf 88' lang='lat' dir='ltr'><strong>Sepulcris</strong></span> <span class='ocrx_word' id='word_1_151' title='bbox 1996 3084 2235 3143; x_wconf 89' lang='lat' dir='ltr'><strong>autem</strong></span> <span class='ocrx_word' id='word_1_152' title='bbox 2271 3074 2478 3150; x_wconf 77' lang='lat' dir='ltr'><strong>novis</strong></span> 
     </span>
     <span class='ocr_line' id='line_1_23' title="bbox 519 3188 2481 3288; baseline -0.001 -25"><span class='ocrx_word' id='word_1_153' title='bbox 519 3189 751 3263; x_wconf 86' lang='lat' dir='ltr'><strong>finivit</strong></span> <span class='ocrx_word' id='word_1_154' title='bbox 787 3188 1118 3270; x_wconf 84' lang='lat' dir='ltr'><strong>modum:</strong></span> <span class='ocrx_word' id='word_1_155' title='bbox 1152 3212 1318 3262; x_wconf 88' lang='lat' dir='ltr'><strong>nam</strong></span> <span class='ocrx_word' id='word_1_156' title='bbox 1351 3212 1573 3288; x_wconf 85' lang='lat' dir='ltr'><strong>super</strong></span> <span class='ocrx_word' id='word_1_157' title='bbox 1603 3203 1832 3261; x_wconf 87' lang='lat' dir='ltr'><strong>terrae</strong></span> <span class='ocrx_word' id='word_1_158' title='bbox 1857 3189 2219 3266; x_wconf 90' lang='lat' dir='ltr'><strong>tumulum</strong></span> <span class='ocrx_word' id='word_1_159' title='bbox 2246 3189 2481 3262; x_wconf 85' lang='lat' dir='ltr'><strong>noluit</strong></span> 
     </span>
     <span class='ocr_line' id='line_1_24' title="bbox 507 3306 2482 3406; baseline 0.003 -25"><span class='ocrx_word' id='word_1_160' title='bbox 507 3308 699 3406; x_wconf 83' lang='lat' dir='ltr'><strong>quid</strong></span> <span class='ocrx_word' id='word_1_161' title='bbox 765 3312 983 3386; x_wconf 83' lang='lat' dir='ltr'><strong>statui</strong></span> <span class='ocrx_word' id='word_1_162' title='bbox 1056 3310 1195 3379; x_wconf 89' lang='lat' dir='ltr'><strong>nisi</strong></span> <span class='ocrx_word' id='word_1_163' title='bbox 1250 3306 1702 3382; x_wconf 80' lang='lat' dir='ltr'><strong>columellam</strong></span> <span class='ocrx_word' id='word_1_164' title='bbox 1769 3306 2006 3381; x_wconf 84' lang='lat' dir='ltr'><strong>tribus</strong></span> <span class='ocrx_word' id='word_1_165' title='bbox 2063 3309 2327 3386; x_wconf 82' lang='lat' dir='ltr'><strong>cubitis</strong></span> <span class='ocrx_word' id='word_1_166' title='bbox 2388 3335 2482 3388; x_wconf 80' lang='lat' dir='ltr'><strong>ne</strong></span> 
     </span>
     <span class='ocr_line' id='line_1_25' title="bbox 522 3427 2484 3516; baseline 0.001 -14"><span class='ocrx_word' id='word_1_167' title='bbox 522 3428 887 3516; x_wconf 85' lang='lat' dir='ltr'><strong>altiorem,</strong></span> <span class='ocrx_word' id='word_1_168' title='bbox 959 3439 1085 3500; x_wconf 88' lang='lat' dir='ltr'><strong>aut</strong></span> <span class='ocrx_word' id='word_1_169' title='bbox 1159 3451 1510 3516; x_wconf 87' lang='lat' dir='ltr'><strong>mensam,</strong></span> <span class='ocrx_word' id='word_1_170' title='bbox 1571 3441 1697 3508; x_wconf 85' lang='lat' dir='ltr'><strong>aut</strong></span> <span class='ocrx_word' id='word_1_171' title='bbox 1753 3427 2125 3502; x_wconf 87' lang='lat' dir='ltr'><strong>labellum:</strong></span> <span class='ocrx_word' id='word_1_172' title='bbox 2181 3443 2253 3502; x_wconf 91' lang='lat' dir='ltr'><strong>et</strong></span> <span class='ocrx_word' id='word_1_173' title='bbox 2310 3430 2484 3510; x_wconf 87' lang='lat' dir='ltr'><strong>huic</strong></span> 
     </span>
     <span class='ocr_line' id='line_1_26' title="bbox 524 3547 2410 3649; baseline 0.001 -29"><span class='ocrx_word' id='word_1_174' title='bbox 524 3549 1020 3649; x_wconf 87' lang='lat' dir='ltr'><strong>procurationi</strong></span> <span class='ocrx_word' id='word_1_175' title='bbox 1071 3560 1350 3620; x_wconf 89' lang='lat' dir='ltr'><strong>certum</strong></span> <span class='ocrx_word' id='word_1_176' title='bbox 1399 3551 1894 3644; x_wconf 83' lang='lat' dir='ltr'><strong>magistratum</strong></span> <span class='ocrx_word' id='word_1_177' title='bbox 1952 3547 2410 3647; x_wconf 78' lang='lat' dir='ltr'><strong>praefecerat.</strong></span> 
     </span>
     <span class='ocr_line' id='line_1_27' title="bbox 620 3666 2767 3765; baseline 0.004 -24"><span class='ocrx_word' id='word_1_178' title='bbox 620 3673 809 3741; x_wconf 86' lang='lat' dir='ltr'><strong>Haec</strong></span> <span class='ocrx_word' id='word_1_179' title='bbox 837 3670 1058 3765; x_wconf 86' lang='lat' dir='ltr'><strong>igitur</strong></span> <span class='ocrx_word' id='word_1_180' title='bbox 1095 3666 1567 3740; x_wconf 86' lang='lat' dir='ltr'><strong>Athenienses</strong></span> <span class='ocrx_word' id='word_1_181' title='bbox 1599 3670 1728 3744; x_wconf 89' lang='lat' dir='ltr'><strong>tui.</strong></span> <span class='ocrx_word' id='word_1_182' title='bbox 1781 3666 1918 3739; x_wconf 86' lang='lat' dir='ltr'><strong>Sed</strong></span> <span class='ocrx_word' id='word_1_183' title='bbox 1950 3667 2318 3742; x_wconf 87' lang='lat' dir='ltr'><strong>videamus</strong></span> <span class='ocrx_word' id='word_1_184' title='bbox 2346 3669 2488 3748; x_wconf 87' lang='lat' dir='ltr'><strong>Pla·</strong></span> <span class='ocrx_word' id='word_1_185' title='bbox 2555 3696 2767 3755; x_wconf 79' lang='lat' dir='ltr'><strong>mn.</strong></span> 
     </span>
     <span class='ocr_line' id='line_1_28' title="bbox 521 3766 2647 3889; baseline 0.001 -30"><span class='ocrx_word' id='word_1_186' title='bbox 521 3803 807 3877; x_wconf 45' lang='lat' dir='ltr'><strong>‚tonem;</strong></span> <span class='ocrx_word' id='word_1_187' title='bbox 854 3791 987 3883; x_wconf 84' lang='lat' dir='ltr'><strong>qui</strong></span> <span class='ocrx_word' id='word_1_188' title='bbox 1036 3790 1222 3866; x_wconf 80' lang='lat' dir='ltr'><strong>iusta</strong></span> <span class='ocrx_word' id='word_1_189' title='bbox 1269 3785 1614 3862; x_wconf 84' lang='lat' dir='ltr'><strong>funerum</strong></span> <span class='ocrx_word' id='word_1_190' title='bbox 1660 3790 1890 3866; x_wconf 85' lang='lat' dir='ltr'><strong>reiicit</strong></span> <span class='ocrx_word' id='word_1_191' title='bbox 1924 3787 2016 3860; x_wconf 91' lang='lat' dir='ltr'><strong>ad</strong></span> <span class='ocrx_word' id='word_1_192' title='bbox 2057 3792 2486 3889; x_wconf 86' lang='lat' dir='ltr'><strong>interpretes</strong></span> <span class='ocrx_word' id='word_1_193' title='bbox 2555 3766 2647 3818; x_wconf 74' lang='lat'><strong>⁶⁷·</strong></span> 
     </span>
     <span class='ocr_line' id='line_1_29' title="bbox 531 3907 2486 4005; baseline 0.002 -27"><span class='ocrx_word' id='word_1_194' title='bbox 531 3907 990 4005; x_wconf 86' lang='lat' dir='ltr'><strong>religionum:</strong></span> <span class='ocrx_word' id='word_1_195' title='bbox 1030 3930 1251 4003; x_wconf 91' lang='lat' dir='ltr'><strong>quem</strong></span> <span class='ocrx_word' id='word_1_196' title='bbox 1299 3930 1433 3978; x_wconf 89' lang='lat' dir='ltr'><strong>nos</strong></span> <span class='ocrx_word' id='word_1_197' title='bbox 1464 3930 1741 3979; x_wconf 88' lang='lat' dir='ltr'><strong>morem</strong></span> <span class='ocrx_word' id='word_1_198' title='bbox 1783 3920 2133 3980; x_wconf 89' lang='lat' dir='ltr'><strong>tenemus.</strong></span> <span class='ocrx_word' id='word_1_199' title='bbox 2234 3915 2341 3982; x_wconf 84' lang='lat' dir='ltr'><strong>De</strong></span> <span class='ocrx_word' id='word_1_200' title='bbox 2378 3934 2486 3981; x_wconf 88' lang='lat' dir='ltr'><strong>se·</strong></span> 
     </span>
    </p>
   </div>
   <div class='ocr_carea' id='block_1_3' title="bbox 589 4138 1836 4245">
    <p class='ocr_par' dir='ltr' id='par_1_3' title="bbox 589 4138 1836 4245">
     <span class='ocr_line' id='line_1_30' title="bbox 589 4138 1836 4245; baseline -0.001 -23"><span class='ocrx_word' id='word_1_201' title='bbox 589 4177 609 4222; x_wconf 73' lang='grc'>1</span> <span class='ocrx_word' id='word_1_202' title='bbox 645 4173 879 4228; x_wconf 71' lang='grc' dir='ltr'><strong>ωοιοῐίο.</strong></span> <span class='ocrx_word' id='word_1_203' title='bbox 949 4174 974 4210; x_wconf 80' lang='lat'>²</span> <span class='ocrx_word' id='word_1_204' title='bbox 1010 4171 1111 4224; x_wconf 73' lang='lat' dir='ltr'><strong>nisi</strong></span> <span class='ocrx_word' id='word_1_205' title='bbox 1149 4170 1192 4223; x_wconf 75' lang='lat' dir='ltr'><strong>si</strong></span> <span class='ocrx_word' id='word_1_206' title='bbox 1228 4138 1356 4240; x_wconf 34' lang='lat' dir='ltr'><strong>quis</strong></span> <span class='ocrx_word' id='word_1_207' title='bbox 1416 4175 1439 4209; x_wconf 76' lang='lat'><strong>³</strong></span> <span class='ocrx_word' id='word_1_208' title='bbox 1473 4171 1836 4245; x_wconf 72' lang='lat' dir='ltr'><strong>peritissimus.</strong></span> 
     </span>
    </p>
   </div>
  </div>
 </body>
</html>
