3131 5032
424 700 663 768 tiarum
706 690 932 765 studio
946 741 968 780 ‚
1017 688 1355 784 splendori
1390 690 1673 759 maxime
1707 691 2062 763 verborum
2100 706 2171 765 et
2201 707 2374 768 stru-

423 838 571 896 ctae
624 821 711 891 ad
769 839 1127 891 numerum
1183 816 1542 911 quemdam
1601 818 1899 888 orationi.
2012 820 2092 891 Et
2151 833 2375 893 tamen

420 974 628 1047 quam
670 961 851 1019 recte
891 946 981 1017 de
1025 945 1151 1016 hac
1198 967 1271 1016 re
1314 947 1590 1017 sentiret
1635 946 1818 1040 ipse,
1869 947 2259 1042 intelligitur
2297 974 2376 1021 ex

427 1080 546 1168 iis,
612 1097 789 1172 quae
841 1073 1152 1146 Crassum
1193 1071 1527 1143 dicentem
1567 1070 1723 1143 facit
1770 1072 1987 1172 (Orat.
2034 1077 2163 1166 111,
2215 1074 2377 1173 26):

427 1229 578 1275 nm
634 1212 705 1270 ot
762 1224 1131 1271 eumuna
1177 1203 1501 1292 quamvis
1559 1200 1759 1270 nobis
1804 1226 2009 1294 saepe
2052 1205 2376 1274 dicatur.-

424 1357 618 1403 ωε.
680 1340 750 1398 ot
820 1352 1076 1400 rnsrrvn
1143 1330 1447 1397 nimium
1512 1353 1717 1420 saepe
1787 1332 1985 1400 nolo:
2054 1356 2228 1426 quae
2292 1333 2381 1403 de

425 1472 684 1532 oratore
746 1458 925 1528 dicta
944 1507 964 1545 ,
1031 1457 1181 1550 quis
1245 1480 1379 1528 non
1432 1457 1518 1527 ad
1575 1456 1830 1551 reliqua
1884 1482 2156 1554 quoque
2218 1462 2384 1532 scri-

428 1586 635 1658 bendi
672 1605 906 1678 genera
942 1582 1393 1655 tmnsfeoenda
1426 1606 1570 1655 esse
1603 1582 1925 1656 censeat?
1964 1587 2380 1680 Numquam-

430 1737 515 1784 ne
580 1714 779 1806 igitur
836 1711 1103 1783 sobrius
1142 1721 1215 1781 et
1264 1733 1531 1803 pressus
1575 1722 1647 1781 et
1691 1734 1933 1806 parcus
1978 1727 2124 1802 est,
2173 1728 2243 1786 et
2280 1716 2382 1784 in-

432 1855 534 1913 tra
574 1860 997 1911 communem
1035 1836 1396 1908 dictionem
1437 1838 1803 1909 consistens
1822 1836 1860 1907 2
1925 1840 2056 1927 Qui
2098 1853 2342 1933 negant
2360 1892 2381 1928 ‚

429 1992 541 2040 eos
578 1969 877 2062 ignorare
917 1965 1301 2036 Ciceronem
1338 1963 1511 2035 dico.
1618 1965 1793 2035 Tum
1841 1964 1954 2035 illa
1987 1967 2127 2061 ipsa
2155 2019 2175 2056 ,
2226 1970 2382 2062 qui-

431 2096 561 2166 bus
616 2107 752 2165 tam
813 2114 1091 2187 peccare
1130 2091 1395 2163 videtur
1428 2090 1767 2163 nonnullis
1787 2143 1807 2181 ,
1856 2090 2002 2163 fieri
2042 2106 2267 2187 potest
2306 2107 2384 2167 ut

430 2235 549 2293 aut
588 2221 735 2293 loco
759 2272 781 2310 ,
830 2231 949 2291 aut
998 2217 1365 2313 frequentia
1417 2217 1694 2290 molesta
1740 2219 1915 2306 sint3
1963 2243 2098 2291 non
2146 2235 2345 2295 erunt
2364 2276 2410 2312 „

434 2350 490 2421 si
533 2348 930 2443 paucissima
966 2368 1279 2441 excerpas
1298 2394 1320 2435 ,
1360 2366 1481 2439 per
1516 2368 1590 2417 se
1629 2345 2172 2441 reprehendenda
2192 2401 2212 2438 ‚
2261 2349 2382 2419 sed

432 2474 811 2549 excellentis
882 2473 1123 2567 ingenii
1193 2485 1264 2543 et
1320 2472 1598 2543 eximiae
1650 2472 1997 2545 cuiusdam
2051 2472 2382 2548 facultatis

444 2603 681 2674 indicia
736 2600 1043 2672 habenda
1098 2613 1299 2686 sunt3
1350 2623 1476 2670 nec
1521 2612 1704 2670 certe
1735 2601 1854 2694 qui
1893 2603 2211 2695 ingeniosi
2250 2627 2384 2674 non

442 2731 576 2800 sint
598 2782 620 2816 ‚
683 2742 902 2800 metus
960 2740 1064 2798 est
1123 2749 1208 2797 ne
1270 2729 1339 2796 in
1394 2726 1629 2797 eadem
1695 2742 1969 2821 peccata
2016 2731 2382 2801 incurrant.

441 2856 575 2927 Sed
607 2855 969 2951 pleniorem
1004 2876 1276 2948 quoque
1319 2855 1679 2925 orationem
1704 2907 1724 2943 ,
1770 2850 2386 2951 sententiarumque

442 2983 719 3053 formam
760 2980 1025 3052 mollem
1062 2993 1133 3050 et
1172 2980 1527 3051 rotundam
1570 2981 1894 3073 exagitare
1929 2981 2169 3057 solent.
2242 2982 2387 3053 Sci-

440 3110 595 3181 licet
654 3110 724 3178 in
776 3110 956 3180 omni
1014 3106 1131 3178 illo
1189 3128 1428 3200 genere
1487 3107 1641 3176 novi
1678 3106 1846 3200 quid
1895 3107 2210 3179 attulerat
2250 3111 2387 3182 Ro·-

438 3237 649 3306 manis
674 3287 696 3324 ‚
766 3235 837 3305 id
906 3234 1091 3328 quod
1155 3234 1557 3304 Graecarum
1620 3232 1962 3305 literarum
2027 3237 2251 3309 studio
2315 3252 2386 3310 et

438 3364 805 3435 imitatione
885 3363 1284 3457 spectavisse
1360 3383 1432 3432 se
1505 3358 1861 3455 profitetur
1934 3365 2002 3432 in
2065 3365 2390 3460 principio

440 3490 850 3562 Officiorum.
974 3489 1208 3583 ltaque
1275 3486 1771 3558 confitebantur
1826 3486 1954 3559 hoc
2011 3492 2388 3583 peritissimi

442 3616 572 3689 illis
609 3614 1024 3711 temporibus
1063 3614 1357 3704 iudices,
1401 3627 1481 3685 ut
1521 3614 1799 3704 caoear,
1840 3616 1960 3709 qui
1990 3638 2149 3688 eum
2174 3623 2384 3709 prin-

446 3746 663 3835 cipem
703 3752 776 3810 et
818 3746 1250 3814 inventorem
1294 3745 1531 3833 copiae
1571 3740 1967 3837 appellavit,
2020 3757 2098 3814 ut
2143 3744 2345 3816 Varro
2364 3798 2384 3835 ‚

443 3872 560 3963 qui
619 3893 779 3943 eum
848 3871 1147 3940 divitias
1221 3873 1572 3940 orationis
1634 3868 1880 3941 habere
1943 3869 2208 3943 dicebat
2269 3872 2386 3968 (ad

448 3993 595 4068 Di'v.
635 3998 720 4068 lv
741 4051 761 4087 ‚
800 3993 891 4087 4,
943 3998 1058 4096 1),
1096 3999 1536 4093 eamdemque
1570 3999 1712 4091 ipse
1741 3996 2038 4092 appellat
2076 4000 2389 4092 loquaci-

439 4133 656 4195 tatem
697 4149 786 4192 ex
833 4127 1118 4196 ondita
1169 4124 1604 4197 Graecorum
1654 4128 1851 4215 copia
1892 4125 2123 4221 (Legg.
2175 4129 2242 4215 1,
2286 4127 2388 4222 2.)
