3131 5032
1116 460 1261 528 Lm.
1305 461 1400 546 ΙΙ,
1446 465 1519 546 6,
1578 463 1675 529 15.
2235 464 2356 533 491

412 688 614 748 neque
658 665 1003 746 temporalis
1045 667 1396 728 coniunctio
1426 675 1550 745 est,
1591 688 1668 728 ex
1698 688 1773 728 eo
1803 686 2025 747 genere
2058 669 2227 749 quod
2258 689 2370 730 ex·-

409 770 629 850 plicuit
674 769 1004 849 Madvigius
1055 769 1271 847 Opusc.
1318 789 1379 848 p.
1432 769 1583 845 515,
1637 776 1791 846 not„
1845 771 2174 831 necessario
2223 777 2375 849 puto

413 874 878 936 Coniunctivum
910 875 1253 953 scripserint
1288 873 1539 951 requiri.
1621 871 2058 951 Compositum‚
2095 872 2378 955 (conscri-

401 965 676 1060 pserant)
709 975 875 1056 quod
921 976 1000 1035 de
1047 975 1197 1035 meis
1238 975 1567 1035 deteriores
1600 983 1836 1035 tantum
1867 975 2096 1036 habent
2110 1022 2129 1052 ,
2168 974 2379 1036 adver·

413 1081 531 1141 sari
590 1080 876 1159 putabam
936 1078 1212 1140 sollemni
1272 1077 1574 1137 formulae
1639 1078 1792 1158 leges
1854 1078 2139 1154 scribere,
2212 1076 2381 1156 quod

413 1203 474 1246 v.
506 1203 562 1245 o.
598 1183 758 1244 Orat.
791 1183 822 1241 I
840 1228 859 1258 ,
905 1182 1016 1258 19,
1067 1181 1187 1258 86,
1234 1201 1359 1241 non
1402 1181 1480 1241 de
1519 1181 1775 1258 singulis
1815 1180 2177 1260 quibusdam
2220 1181 2380 1259 legi-

414 1289 561 1365 bus,
600 1287 708 1348 sed
741 1287 821 1348 de
852 1289 1018 1348 omni
1048 1286 1403 1365 legislatoris
1435 1305 1690 1346 munere
1721 1285 1971 1345 dicitur.

493 1392 685 1452 studii
726 1404 782 1451 et
827 1391 1232 1452 delectationis
1272 1422 1353 1434 —
1405 1388 1612 1469 cauea)
1696 1390 1978 1450 Studium
2021 1389 2380 1466 ἐπιτήδευμα

414 1503 538 1570 est,
577 1494 744 1573 quod
779 1495 1010 1572 privato
1058 1492 1309 1553 consilio
1353 1492 1807 1571 persequimur:
1851 1502 1980 1554 tum
2023 1493 2289 1553 studium
2324 1503 2382 1553 et

414 1598 722 1657 delectatio
756 1606 824 1656 nt
858 1600 917 1656 ἓν
949 1601 1051 1655 διὰ
1087 1599 1255 1656 δυοῖν
1297 1595 1543 1655 dicitur.

496 1721 642 1780 quos
692 1701 958 1758 imitatus
1007 1700 1183 1759 Plato
1218 1698 1323 1780 —)
1403 1697 1773 1758 Incredibile
1818 1706 1905 1758 est
1937 1698 2054 1758 boc
2103 1697 2379 1758 Ciceroni

416 1804 698 1864 excidere
748 1804 1041 1882 potuisse,
1094 1803 1397 1863 Platonem
1439 1803 1505 1861 in
1547 1822 1730 1881 opere
1762 1801 1848 1862 De
1882 1803 2140 1881 Legibus
2173 1802 2382 1862 imita-

417 1915 546 1969 tum
592 1928 718 1967 esse
760 1906 1079 1966 Zaleucum
1127 1914 1190 1966 et
1230 1905 1642 1965 Charondam:
1694 1913 2163 1984 praetereaque,
2216 1903 2385 1983 quod

412 2020 623 2072 notare
695 2031 818 2070 non
888 2010 1153 2088 neglexit
1213 2008 1464 2068 Geerius
1525 2007 1712 2066 Diatr.
1775 2006 1843 2065 in
1893 2006 2156 2067 Platonis
2205 2006 2379 2066 Polit.

414 2116 608 2193 princ.
643 2133 704 2192 p.
744 2111 858 2174 174
878 2158 896 2188 ‚
939 2121 1060 2172 not.
1097 2112 1172 2188 2,
1229 2112 1388 2172 hano
1423 2110 1825 2170 imitationem
1871 2110 1996 2187 ipse
2031 2108 2379 2187 repudiavit

414 2215 582 2278 Plato
614 2217 795 2295 Legg.
830 2214 944 2292 IV,
985 2236 1045 2295 p.
1082 2215 1233 2291 722,
1276 2216 1339 2275 B.
1420 2213 1537 2274 Sed
1569 2233 1691 2274 non
1726 2212 1879 2273 haec
1917 2233 2039 2272 una
2078 2232 2257 2273 cansa
2291 2219 2380 2273 est

417 2339 607 2398 quare
638 2320 840 2377 omnia
868 2319 1047 2377 istaec
1074 2316 1242 2396 (quos
1272 2320 1542 2378 imitatus
1563 2350 1644 2362 —
1668 2318 1851 2375 minis
1882 2318 2108 2397 cogere)
2131 2316 2381 2375 insititia

418 2420 659 2481 ducam.
716 2420 925 2498 Neque
957 2420 1120 2478 enim
1151 2428 1258 2479 aut
1283 2418 1479 2493 Plato,
1509 2429 1614 2478 aut
1638 2419 1910 2497 quisquis
1935 2418 2117 2493 alius,
2144 2421 2385 2497 putavit

419 2524 537 2584 alia
587 2542 710 2582 (me
760 2520 1208 2601 persuadenda,
1262 2522 1378 2582 alia
1424 2521 1729 2599 cogenda,
1771 2521 1812 2582 i.
1848 2541 1902 2582 e.
1935 2522 2235 2597 iubenda,
2276 2523 2382 2584 md

418 2644 843 2706 quaecumque
897 2624 1132 2703 legibus
1184 2624 1740 2703 praescriberentur
1794 2625 2063 2702 generali
2121 2624 2385 2703 quadam

419 2728 838 2790 adhortatione
878 2727 1208 2787 munienda
1252 2747 1409 2787 esse:
1451 2748 1654 2806 neque
1689 2727 1876 2805 ipsius
1910 2727 2060 2806 legis
2091 2747 2215 2788 esse
2247 2748 2381 2807 per·

421 2831 676 2891 suadere
696 2830 956 2910 aliquid,
986 2830 1091 2890 sed
1114 2831 1311 2909 legem
1340 2832 1509 2909 prius
1534 2828 1901 2890 laudandam
1932 2851 2056 2890 esse
2081 2832 2382 2892 universe.

417 2933 757 3010 Postremo,
815 2953 975 3013 quae
1032 2941 1369 3012 sequuntur
1424 2933 1637 3013 (quid,
1693 2933 1852 3012 quod
1902 2933 2228 2994 Zaleucum
2279 2933 2386 3015 ——)

419 3058 544 3099 non
595 3046 841 3117 posunt
884 3036 1000 3096 nisi
1049 3036 1348 3116 prioribus
1383 3036 1505 3095 illis
1538 3035 1724 3115 (quod
1751 3037 1908 3095 idem
1944 3038 2268 3097 Zaleucum
2306 3069 2372 3085 -

416 3138 803 3222 scripserunt)
851 3140 1119 3201 subiecta
1163 3160 1287 3199 esse
1303 3164 1321 3218 3
1367 3160 1444 3200 ne
1494 3138 1693 3199 dicam
1728 3140 2213 3218 intempestivam
2257 3159 2382 3200 esse

408 3244 585 3306 istius
614 3244 966 3304 imitationis
997 3244 1397 3318 mentionem,
1429 3250 1745 3322 postquam
1772 3244 2041 3323 primum
2071 3251 2381 3304 auctorem

411 3346 673 3409 instituti
717 3345 1058 3407 laudaverit
1096 3346 1439 3422 Platonem,
1480 3347 1677 3427 iisque
1710 3353 1783 3406 nt
1817 3367 1941 3407 non
1974 3348 2380 3408 necessarium

414 3450 893 3512 additamentum
929 3450 1222 3511 adiecerit
1252 3450 1408 3509 illud
1443 3450 1521 3511 de
1558 3451 1812 3511 Zaleuoo
1840 3458 1901 3510 et
1938 3450 2273 3513 Charonda.

497 3554 539 3635 ς
583 3555 677 3617 15.
756 3556 938 3635 quid,
979 3556 1137 3635 quod
1186 3556 1513 3615 Zaleucum
1560 3586 1642 3600 --
1697 3552 1997 3636 Timaeus)
2074 3556 2210 3616 Non
2253 3575 2379 3616 om·

415 3656 564 3717 nino
602 3658 843 3735 negavit
883 3657 1158 3718 Timaeus
1206 3657 1529 3719 Zaleucum
1574 3657 1789 3733 fuisse,
1843 3656 1949 3717 sed
1985 3658 2200 3734 istam,
2243 3657 2285 3718 i.
2320 3678 2376 3719 e.

416 3779 660 3835 earnm,
699 3779 858 3839 quae
891 3758 1221 3837 ferrentur,
1252 3762 1459 3840 legum
1487 3762 1863 3822 conditorem
1893 3780 2017 3822 non
2050 3760 2233 3820 fuisse
2268 3782 2377 3821 ve-

415 3870 607 3922 terem
665 3862 842 3921 illum
891 3860 1247 3923 Zaleucum:
1307 3873 1489 3945 atque
1543 3864 1754 3925 eadem
1808 3864 2041 3924 rationo
2087 3863 2245 3922 illud
2296 3862 2377 3924 de

413 3965 654 4045 Orpheo
686 3985 761 4025 ex
794 3963 1145 4040 Aristotele,
1187 3965 1344 4048 (Nat.
1378 3967 1447 4028 Ι).
1481 3968 1547 4043 1,
1590 3967 1700 4044 38,
1745 3965 1886 4046 107)
1910 3985 2034 4026 non
2063 3965 2376 4043 Orpheum

410 4089 533 4130 non
586 4069 802 4145 fuisse,
860 4068 965 4128 sed
1020 4069 1307 4150 Orpheum
1354 4082 1606 4151 poetam.
1688 4069 1861 4129 Idem
1896 4075 2264 4128 memoratur
2297 4066 2377 4127 ad

413 4174 533 4235 Au.
585 4172 663 4233 vl
685 4220 703 4248 ,
758 4172 831 4249 1,
889 4171 997 4243 18,
1050 4174 1188 4251 qais
1241 4173 1563 4236 Zaleucum
1609 4175 1760 4254 leges
1810 4173 2019 4234 Locris
2067 4172 2379 4251 scripsisse
