3131 5032
1148 422 1292 491 Lm.
1334 422 1434 508 11,
1481 426 1559 506 4,
1616 426 1711 491 ιο.
2264 428 2390 494 477

440 642 802 715 sequantur,
842 631 923 694 de
953 630 1389 693 consuetudine
1421 633 1723 692 sermonis.
1804 630 1971 690 Nihil
2001 630 2183 691 eredo
2213 634 2397 692 corri-

441 737 713 817 gendum
750 755 875 796 esse
892 762 910 815 3
953 735 1060 797 sed
1091 756 1284 796 unum
1319 736 1435 794 hoc
1468 755 1593 796 esse
1623 735 1775 795 mihi
1816 734 2056 796 videtur
2090 735 2169 796 de
2198 737 2399 816 pluri-

441 841 555 910 bus
597 840 837 901 indiciis
854 887 871 918 ‚
913 860 950 900 e
990 840 1211 919 quibus
1254 838 1567 900 conficiam
1613 838 1960 899 Ciceronem
2001 861 2123 901 non
2155 840 2235 901 ad
2268 840 2402 901 edi-

441 944 670 1004 tionem
704 944 1094 1006 elaboravisse
1129 943 1239 1002 hos
1270 942 1476 1002 libros.

522 1067 562 1106 a
597 1049 808 1127 parvis
855 1044 1038 1125 enim)
1117 1045 1540 1126 corruptiones
1579 1044 1976 1126 (apparuisse,
2016 1042 2300 1125 apertius)
2336 1045 2403 1105 in

443 1150 868 1229 antiquissimis
902 1159 962 1210 et
998 1148 1241 1228 optimis
1274 1148 1446 1208 libris
1473 1156 1640 1207 suut:
1682 1148 1787 1208 sed
1819 1146 2013 1209 facilis
2046 1156 2173 1208 erat
2207 1168 2404 1209 corre·

441 1255 564 1315 ctio
581 1255 648 1314 in
665 1274 788 1314 uno
805 1253 1142 1332 alteroque,
1161 1261 1231 1312 ut
1248 1251 1507 1327 videtur,
1527 1252 1936 1312 recentissimo
1953 1251 2110 1311 libro
2127 1260 2405 1313 assumta.

520 1359 580 1417 si
629 1360 696 1416 in
751 1360 848 1416 ius
902 1367 1105 1431 vocat,
1148 1366 1320 1434 atque
1365 1356 1655 1415 eiusmodi
1699 1355 1851 1436 leges
1887 1355 2041 1415 alias
2074 1353 2404 1434 nominare)

448 1460 610 1520 Unus
628 1505 647 1535 ,
701 1458 870 1539 quod
922 1478 1083 1518 unus
1134 1465 1194 1517 et
1247 1457 1398 1517 alter
1453 1458 1637 1517 habet
1656 1503 1672 1531 ,
1731 1457 2038 1535 corruptio
2090 1465 2176 1517 est
2229 1476 2405 1519 verae

438 1563 716 1624 lectionis
765 1565 950 1623 inias.
1033 1562 1315 1622 Ceterum
1365 1563 1502 1621 satis
1551 1580 1718 1621 nunc
1753 1570 2023 1621 constare
2058 1569 2237 1640 puto,
2280 1582 2403 1622 non

438 1686 566 1728 eoee
596 1665 1004 1746 supplendum
1038 1677 1212 1745 atque
1243 1677 1338 1725 eat
1366 1664 1553 1745 (cons.
1580 1664 1720 1725 Exc.
1754 1663 1850 1726 lv,
1883 1662 2142 1743 Moseri)2
2185 1670 2402 1743 quuin·

434 1789 560 1851 que
613 1770 1099 1850 antiquissimum
1136 1768 1425 1829 mendum
1460 1788 1585 1828 esse
1619 1766 1898 1827 videatur
1934 1778 2106 1847 aeque
2140 1779 2203 1827 at
2239 1770 2402 1827 eius-

433 1873 632 1949 modi,
674 1874 942 1953 suspicor
984 1884 1048 1932 at
1088 1880 1299 1932 natum
1334 1891 1458 1931 esse
1492 1890 1568 1931 ex
1602 1871 1680 1931 al.
1718 1871 1758 1931 i.
1796 1890 1851 1930 e.
1890 1871 2080 1946 alias,
2121 1877 2253 1930 tum
2285 1871 2402 1932 hoo

431 1977 631 2056 ipsum
649 2021 668 2051 ,
720 1994 846 2054 quo
893 1983 1096 2036 tamen
1144 1973 1443 2053 indigeret
1492 1974 1788 2033 sententia
1802 2019 1821 2049 ,
1864 1974 2063 2035 alieno
2098 1973 2230 2034 loco
2261 1994 2398 2054 sup·

430 2079 667 2159 pletum
703 2099 847 2139 esse.
930 2077 1015 2137 De
1048 2079 1233 2137 vetita
1264 2077 1635 2137 substantive
1663 2078 1880 2156 posito,
1923 2076 2047 2137 vid.
2073 2077 2403 2156 Madvigius

433 2181 512 2242 ad
545 2181 676 2242 Fin.
712 2180 792 2256 V,
843 2181 950 2257 16,
993 2180 1090 2241 44.
1130 2180 1264 2240 init.

514 2287 635 2344 vim
671 2284 877 2344 habere
905 2284 983 2343 ad
1004 2295 1158 2343 recte
1179 2285 1360 2364 saeta
1392 2279 1673 2364 vocandi)
1754 2282 1905 2342 Cum
1946 2282 2131 2343 Codd.
2164 2292 2399 2345 tantum

434 2407 564 2447 non
599 2387 877 2448 omnibus
909 2386 1084 2446 omisi
1125 2407 1245 2445 non
1277 2394 1417 2447 ante
1465 2385 1671 2445 babere
1691 2430 1708 2459 ‚
1751 2384 1816 2443 in
1853 2404 1976 2464 quo
2009 2385 2291 2447 dissentio
2324 2387 2401 2447 ab

434 2489 795 2551 Editoribus.
876 2489 1181 2551 Sententia
1215 2488 1366 2550 haee
1397 2496 1509 2549 est:
1543 2488 1690 2547 istae
1716 2487 1880 2566 leges
1901 2507 1988 2547 xn
2019 2488 2397 2567 tabularum,

434 2595 674 2674 aliaque
707 2593 1071 2673 populorum
1104 2594 1294 2669 iussa,
1335 2613 1459 2652 non
1492 2593 1558 2650 in
1594 2592 1846 2670 singulis
1875 2590 1998 2649 illis
2030 2611 2187 2670 qnae
2219 2612 2400 2672 prae—

433 2699 747 2777 cipiuntur
780 2696 1101 2776 spectanda
1138 2704 1304 2772 sunt,
1341 2694 1448 2755 sed
1482 2695 1763 2754 universe
1795 2693 1952 2754 hanc
1986 2695 2109 2755 vim
2142 2695 2398 2774 habent,

435 2810 506 2862 ut
539 2801 819 2880 adjecte
851 2800 1008 2861 facta
1041 2808 1289 2876 vocent,
1330 2819 1365 2858 a
1398 2797 1660 2878 peccatis
1691 2805 1975 2875 avocent,
2016 2797 2197 2879 (cons.
2235 2798 2395 2861 Orat.

434 2904 466 2965 1
487 2950 506 2979 ,
549 2904 660 2979 43,
706 2900 871 2983 194):
914 2904 1083 2982 atqui
1119 2923 1191 2964 ea
1228 2903 1315 2963 vis
1352 2922 1473 2962 non
1509 2910 1599 2961 est
1629 2902 1871 2981 propria
1900 2901 2118 2961 harum
2151 2901 2395 2980 legum,

435 3007 542 3067 sed
590 3009 790 3066 senior
831 3014 917 3066 est
960 3006 1143 3088 (quae
1184 3006 1477 3086 oppositio
1524 3004 1738 3065 stolida
1783 3011 1931 3063 esset
1950 3051 1967 3080 ,
2007 3003 2057 3064 si
2092 3003 2397 3066 diceretur

432 3129 535 3172 eas
560 3110 686 3170 vim
724 3109 891 3170 illam
925 3130 1046 3168 non
1069 3108 1326 3190 habere),
1368 3116 1550 3188 atque
1579 3108 1731 3169 adeo
1761 3107 2030 3186 aequalis
2060 3108 2186 3168 dei:
2231 3110 2396 3170 unde

427 3215 782 3292 conficitur,
822 3215 871 3274 si
904 3215 1057 3295 quid
1100 3217 1320 3295 scripto
1354 3213 1623 3274 sancitur
1642 3258 1661 3288 ,
1698 3233 1821 3273 non
1854 3220 1985 3272 tum
2023 3212 2271 3274 demum
2302 3216 2398 3275 ius

429 3319 562 3381 fieri
609 3328 717 3381 aut
765 3319 964 3399 legem
984 3365 1003 3395 ,
1042 3318 1146 3379 sed
1187 3338 1329 3379 cum
1367 3319 1492 3397 ipsa
1530 3324 1654 3377 orta
1691 3316 1923 3376 ratione
1953 3316 2162 3376 divina
2194 3317 2397 3383 fuisse.

428 3422 644 3501 ltaque
685 3423 803 3484 hoo
842 3422 1099 3498 dicitur,
1140 3422 1308 3502 quod
1353 3420 1919 3499 praestantissimum
1954 3420 2028 3479 sit
2064 3421 2127 3480 in
2161 3420 2394 3500 legibus

431 3525 859 3603 popularibus,
916 3525 985 3585 id
1033 3546 1158 3586 non
1206 3544 1332 3585 esse
1382 3524 1460 3584 ab
1509 3522 1856 3583 hominibus
1894 3523 2247 3601 inventum,
2288 3523 2396 3584 sed

431 3624 545 3685 diu
594 3634 733 3686 ante
787 3627 1043 3705 viguisse
1093 3648 1204 3707 per
1236 3636 1489 3688 naturae
1522 3626 1838 3687 rationem.
1921 3625 2095 3699 Quod
2127 3624 2396 3686 Davisius

429 3748 506 3789 ex
541 3727 857 3788 Aristotele
889 3729 1106 3788 excitat
1134 3729 1304 3791 Polit.
1341 3731 1464 3806 111,
1507 3730 1582 3806 9,
1625 3728 1802 3789 fluxit
1836 3748 1907 3789 ex
1946 3729 2127 3807 longe
2159 3728 2395 3790 diversa

428 3829 578 3908 legis
634 3838 696 3889 et
744 3830 894 3889 iuris
942 3831 1378 3910 interpretandi
1430 3833 1700 3907 ratione,
1741 3831 2017 3910 nihilque
2057 3829 2215 3890 illud
2248 3850 2391 3891 cum

428 3933 731 4013 praesenti
761 3932 1165 4013 disputatione
1196 3953 1516 3996 commune
1546 3935 1748 3995 habet.

507 4036 552 4120 §
598 4036 693 4098 10.
774 4058 960 4117 neque
994 4039 1152 4097 enim
1179 4060 1299 4098 esse
1327 4060 1489 4098 mm
1519 4039 1732 4098 divina
1765 4039 1896 4097 sins
1923 4036 2152 4095 ratione
2173 4033 2391 4116 potest)

427 4141 602 4203 Nunc
630 4148 931 4221 praestare
957 4140 1141 4203 oredo
1162 4140 1328 4221 quod
1357 4141 1504 4202 boni
1523 4141 1669 4202 libri
1692 4140 1950 4217 habent,
1990 4159 2151 4198 mens
2177 4139 2389 4198 divina
