3131 5032
793 458 923 525 41ss
1484 457 1626 525 Lm.
1672 457 1739 542 1,
1795 459 1906 544 18,
1955 463 2062 531 49.

786 665 917 726 Fin.
940 665 1060 743 111,
1090 665 1157 724 11
1173 663 1321 742 ‚392
1346 685 1529 745 quam
1560 667 2122 745 interpretationem
2156 666 2278 728 alio
2308 668 2443 728 loco
2474 665 2766 749 corrigit,

785 770 954 830 Tusc.
1007 768 1117 844 IV,
1175 768 1286 845 15,
1343 769 1443 830 34.
1478 804 1561 820 —-
1598 770 1765 845 Mox,
1814 790 1926 850 pro
1974 791 2408 852 quoecumque,
2449 771 2547 833 ed.
2585 772 2764 833 Rom.

786 876 1139 953 quicumque
1152 899 1172 932 .·
1213 872 1393 934 facile
1438 872 1709 932 tulissem
1745 873 2146 953 quodcumque
2164 919 2183 950 ,
2227 882 2297 934 ut
2333 894 2510 953 saepe
2549 874 2619 934 in
2657 875 2768 936 tali

785 975 1293 1038 demonstratione
1326 978 1443 1036 hoc
1476 978 1627 1054 sing.
1664 977 1877 1036 utitur.

862 1082 1089 1141 nullam
1124 1084 1399 1140 virtutem
1434 1083 1561 1139 nisi
1596 1080 1891 1139 malitiam
1926 1078 2165 1159 Ριιέεσιε)
2244 1081 2286 1140 i.
2323 1100 2378 1140 e.
2413 1100 2536 1140 non
2576 1081 2767 1142 vir-tu·

780 1191 908 1244 tem
943 1192 1296 1262 agnoscant,
1338 1182 1443 1242 sed
1468 1182 1782 1242 malitiam.
1864 1180 2076 1242 Forma
2104 1182 2391 1243 orationis
2411 1182 2492 1242 ad
2524 1203 2770 1263 oxymo-

782 1307 927 1347 rum
958 1285 1276 1346 referenda
1290 1331 1309 1362 ‚
1350 1287 1416 1344 in
1448 1305 1575 1365 quo
1607 1305 1832 1365 genere
1867 1286 2134 1364 explicui
2168 1286 2327 1346 illud
2359 1288 2427 1345 in
2460 1287 2620 1347 Sext.
2656 1287 2738 1348 53
2748 1333 2767 1362 ,

792 1392 939 1468 114,
973 1413 1083 1452 nec
1117 1393 1441 1472 quidquam
1464 1421 1546 1435 —-
1571 1391 1699 1449 nisi
1724 1390 2017 1469 repulsam
2040 1391 2204 1466 tulit,
2246 1390 2445 1450 Schol.
2467 1390 2765 1470 Hypomn.

785 1497 847 1574 l,
889 1516 949 1576 p.
994 1495 1127 1556 114.
1167 1515 1286 1574 sq.:
1328 1513 1702 1574 quamquam
1749 1512 1870 1553 non
1910 1493 2125 1571 ignoro
2158 1492 2368 1553 multis
2415 1493 2564 1553 locis
2600 1493 2768 1554 Viros

783 1600 990 1661 doctos
1024 1601 1152 1659 nisi
1179 1599 1264 1658 ita
1296 1598 1571 1676 accipere
1587 1642 1607 1671 ‚
1649 1604 1720 1656 ut
1753 1597 1829 1656 sit
1860 1615 1973 1675 pro
2000 1596 2120 1656 sed.

862 1705 923 1764 si
970 1723 1139 1762 nemo
1187 1703 1433 1761 alterius
1484 1721 1668 1761 causa
1717 1701 1968 1781 benigne
2003 1697 2202 1781 jacit)
2281 1699 2412 1760 Non
2450 1700 2764 1779 negligen-

783 1806 932 1866 dum
952 1852 969 1881 ,
1023 1805 1091 1865 in
1142 1803 1453 1865 nonnullis
1497 1803 1670 1862 libris
1716 1822 1841 1863 esse
1879 1803 2022 1862 hene
2039 1848 2059 1879 ,
2098 1821 2210 1881 pro
2240 1802 2499 1884 benigne
2517 1850 2535 1880 ,
2575 1803 2767 1883 idque

784 1910 885 1970 vel
933 1916 1104 1983 ante,
1169 1908 1269 1968 vel
1331 1915 1465 1986 post
1523 1927 1708 1967 causa
1759 1907 1925 1985 poni.
2022 1906 2322 1985 suspicari
2375 1908 2516 1986 quis
2570 1917 2766 1986 pooeet

782 2013 1215 2090 interpolatum
1249 2030 1373 2070 esse
1421 2009 1779 2069 adverbium
1793 2034 1811 2087 3
1855 2017 1919 2069 et
1963 2009 2287 2089 beneficum
2321 2030 2447 2070 esse
2480 2010 2590 2090 qui
2623 2012 2763 2071 alte·

780 2117 911 2175 rius
964 2136 1145 2176 cama
1196 2116 1357 2192 facit
1376 2157 1394 2188 ,
1446 2111 1614 2192 quod
1665 2120 1786 2170 tam
1832 2111 1958 2171 dici
1975 2157 1994 2186 ,
2048 2131 2233 2190 quam
2279 2113 2544 2173 alieuius
2581 2136 2764 2174 como

780 2220 927 2279 velle
946 2264 964 2295 ,
1007 2227 1077 2278 ut
1129 2218 1194 2276 in
1241 2225 1501 2295 utraque
1549 2215 1858 2275 locutione
1904 2214 2047 2274 bene
2068 2216 2357 2296 faciendi
2391 2219 2559 2277 notio
2598 2219 2760 2278 insit.

780 2321 1006 2380 Verum
1057 2327 1291 2393 tamen,
1344 2335 1539 2396 quum
1594 2315 1791 2375 desint
1840 2317 2115 2394 exempla
2131 2363 2150 2394 ‚
2194 2319 2527 2380 tenendum
2562 2322 2761 2399 potius

782 2424 1028 2485 videtur
1061 2424 1313 2503 benigne
1345 2422 1558 2501 facere
1595 2417 1762 2479 idem
1806 2439 1930 2479 esse
1969 2421 2136 2500 quod
2168 2423 2513 2504 gratificari
2530 2469 2550 2500 ,
2589 2430 2755 2501 χαρέ·

784 2534 1024 2597 ζεσθαι·
1080 2530 1238 2588 sicut
1289 2525 1490 2586 Plano.
1546 2524 1657 2599 19,
1713 2524 1822 2601 47,
1869 2528 2201 2606 gratiosum
2241 2547 2362 2585 esse
2393 2528 2756 2604 Plancium,

780 2634 938 2713 quod
973 2633 1175 2690 multis
1214 2631 1467 2711 henigne
1498 2630 1729 2709 fecerit
1743 2673 1762 2704 ‚
1802 2628 2026 2706 quibus
2057 2629 2377 2689 subiicitur
2410 2633 2541 2690 noli
2572 2633 2758 2691 male-

764 2736 990 2815 ficium
1013 2744 1228 2813 putare
1262 2753 1383 2791 esse
1410 2733 1705 2813 gratiam:
1736 2739 1798 2791 et
1826 2731 1913 2791 sic
1943 2733 2194 2814 benigne
2213 2736 2427 2814 facere
2442 2733 2756 2795 Terentius

775 2836 1037 2917 Adelph.
1080 2835 1160 2912 V,
1202 2834 1276 2911 4,
1318 2833 1418 2897 24.

863 2944 922 3001 si
970 2961 1091 3000 non
1144 2961 1276 2999 eum
1322 2940 1446 3020 ipsi
1496 2950 1745 2999 oemunt
1790 2942 1959 3021 grati
1973 2986 1992 3018 ,
2034 2943 2139 3001 cui
2171 2943 2439 3023 referunt
2465 2942 2751 3025 gratiam)

783 3043 1074 3104 Ordinem
1120 3050 1287 3102 certe
1317 3042 1487 3101 hunc
1520 3040 1846 3101 verborum
1886 3048 2227 3101 constanter
2269 3053 2511 3103 servant
2537 3044 2751 3123 optimi

779 3148 935 3208 mei:
976 3147 1042 3205 in
1080 3146 1213 3206 aliis
1246 3143 1622 3224 transpositio
1652 3143 1809 3204 sacta
1842 3152 1930 3204 est
1945 3190 1964 3220 ,
2005 3152 2251 3223 propter
2287 3146 2746 3206 similitudinem

779 3251 1038 3312 extremi
1074 3250 1140 3308 in
1175 3257 1434 3329 utraque
1467 3246 1768 3328 particula
1800 3248 2128 3308 sententiae
2162 3249 2443 3308 vocabuli
2476 3250 2660 3332 (groti
2689 3259 2747 3309 et

772 3352 1081 3437 gratiam.)
1158 3352 1275 3411 Sed
1309 3371 1503 3431 quum
1536 3351 1716 3429 longe
1748 3352 1942 3411 maior
1973 3371 2112 3430 pars
2145 3351 2331 3413 Codd.
2369 3363 2567 3413 servet
2599 3356 2747 3435 ipsi,

777 3458 938 3517 solus
970 3477 1044 3516 ex
1078 3455 1229 3515 meis
1244 3453 1452 3514 Ambr.
1479 3476 1511 3533 γ
1539 3453 1724 3513 habet
1753 3456 1978 3534 ipsum,
2020 3454 2187 3534 quod
2219 3464 2507 3534 praestat,
2535 3457 2582 3515 si
2616 3458 2744 3537 qui·

778 3561 919 3619 dem
974 3576 1139 3617 nunc
1187 3571 1309 3617 non
1355 3559 1522 3638 grati
1575 3557 2029 3617 demonstrandi
2064 3566 2273 3633 erant,
2313 3560 2418 3619 sed
2452 3562 2607 3621 alter
2639 3561 2746 3640 qui

783 3660 1125 3723 cernendus
1165 3660 1259 3719 sit.
1340 3659 1412 3717 Et
1464 3658 1599 3718 aliis
1648 3660 1831 3718 etium
1873 3661 2065 3720 modis
2098 3662 2342 3724 disiecta
2379 3664 2528 3724 olim
2571 3664 2747 3725 fuisse

782 3765 1004 3840 verba,
1046 3761 1277 3821 indicat
1324 3761 1533 3822 Ambr.
1590 3787 1662 3837 α,
1702 3762 1786 3822 sic
1830 3763 2092 3841 habens,
2131 3769 2191 3826 ei
2233 3787 2356 3826 non
2387 3790 2521 3827 eum
2554 3770 2746 3849 ipsum

784 3874 887 3933 cui
921 3888 1082 3928 nunc
1116 3867 1382 3946 resonent
1410 3890 1520 3923 ——:
1562 3885 1706 3926 nam
1741 3865 1900 3926 illud
1921 3889 2113 3944 nunc,
2154 3869 2320 3949 quod
2343 3871 2543 3949 ipsum
2567 3872 2744 3931 nihili

781 3985 903 4051 est,
943 3981 1145 4034 ortum
1182 3978 1332 4061 puto
1359 3989 1433 4029 ex
1462 3991 1629 4029 eum:
1667 3979 1731 4030 et
1763 3970 1825 4031 h.
1865 3972 1906 4031 1.
1945 3973 2366 4034 instaurandus
2397 3975 2553 4034 mihi
2585 3975 2746 4035 vide·

784 4088 887 4139 tur
932 4095 1110 4135 verus
1141 4072 1320 4149 ordo,
1369 4074 1565 4153 ipsum
1605 4095 1771 4150 eum,
1810 4075 1989 4134 sicuti
2024 4095 2162 4136 mox
2195 4079 2321 4156 ipse
2357 4080 2589 4138 amicus
2624 4099 2743 4139 non

785 4183 1013 4242 amicus
1055 4182 1202 4259 ipse.
1290 4178 1376 4239 De
1420 4177 1655 4259 duplici
1703 4179 1920 4240 ordine
1962 4180 2254 4241 similium
2299 4202 2573 4261 pronom.
2621 4182 2744 4265 (ille
