3131 5032
1692 454 1784 527 42

760 670 1064 768 intelligi
1116 694 1245 771 par
1312 684 1448 761 est,
1505 693 1631 742 eos
1684 673 1815 767 qui
1867 672 2270 770 perniciosa
2319 683 2391 741 et
2443 672 2714 744 iniusta

758 789 1043 889 populis
1083 793 1272 863 iussa
1306 789 1843 889 descripserint,
1873 813 2103 887 quum
2135 802 2386 861 contra
2407 786 2713 861 fecerint

755 934 977 1007 quam
1001 894 1005 899 ἐ
1033 909 1333 1009 polliciti
1391 907 1844 1009 professique
1899 912 2073 999 sint,
2132 907 2418 1005 quidvis
2465 911 2712 1007 potius

751 1029 999 1101 tulisse
1038 1054 1258 1127 quam
1288 1029 1515 1126 leges:
1563 1044 1647 1100 ut
1678 1031 2139 1128 perspicuum
2175 1051 2329 1100 esse
2366 1031 2590 1126 possit
2630 1031 2711 1101 in

755 1151 917 1248 ipso
974 1154 1267 1221 nomine
1324 1149 1499 1246 legis
1554 1146 2098 1245 interpretando
2154 1150 2389 1219 inesse
2440 1151 2589 1219 vim
2637 1162 2714 1222 et

611 1268 696 1353 12.
758 1272 1185 1340 sententiam
1222 1272 1392 1340 iusti
1423 1282 1497 1341 et
1525 1271 1678 1340 veri
1702 1282 1725 1321 ¹
1767 1267 2073 1367 legendi.
2162 1269 2452 1358 Quaero
2490 1271 2717 1365 igitur

756 1412 800 1460 a
834 1400 937 1478 te,
985 1389 1288 1478 Quinte,
1347 1392 1533 1460 sicut
1575 1387 1678 1458 illi
1713 1387 1976 1460 solent:
2016 1389 2183 1478 Quo
2221 1390 2278 1458 si
2321 1391 2567 1461 civitas
2598 1413 2715 1462 ca·

757 1519 914 1578 reat
968 1504 1069 1578 ob
1119 1530 1276 1578 eam
1321 1510 1545 1605 ipsam
1588 1529 1870 1578 causam
1916 1504 2118 1604 quod
2159 1530 2247 1578 eo
2294 1519 2528 1578 careat
2574 1531 2715 1607 pro

757 1624 986 1698 nihilo
1017 1625 1349 1699 habenda
1394 1630 1516 1717 sit,
1569 1625 1643 1697 id
1680 1641 1882 1699 estne
1920 1625 2450 1698 numerandum
2479 1629 2556 1696 in
2585 1626 2717 1699 bo-

755 1746 909 1818 nis?
998 1749 1086 1837 Q.
1148 1740 1250 1818 Ac
1293 1749 1619 1818 maximis
1671 1745 1991 1843 quidem.
2102 1750 2198 1819 Μ.
2245 1752 2440 1843 Lege
2467 1760 2715 1818 autem

753 1891 1002 1939 carens
1037 1870 1280 1939 civitas
1318 1880 1521 1938 estne
1544 1880 1573 1919 ²
1623 1865 1722 1938 ob
1754 1866 1828 1938 id
1864 1871 2105 1965 ipsum
2134 1864 2473 1938 habenda
2509 1865 2712 1939 nullo

748 1984 959 2058 loco?
1038 1986 1126 2075 Q.
1173 1987 1332 2057 Dici
1364 1985 1572 2057 aliter
1608 2009 1756 2056 non
1794 2000 2054 2086 potest.
2135 1990 2232 2058 M.
2265 1990 2571 2060 Necesse
2601 2000 2714 2059 est

599 2111 682 2165 18·
749 2108 972 2203 igitur
1007 2104 1239 2202 legem
1272 2101 1543 2176 habere
1567 2109 1593 2148 ³
1635 2106 1712 2174 in
1754 2104 1972 2177 rebus
2003 2109 2316 2206 optimis.
2380 2108 2469 2197 Q.
2498 2110 2711 2178 Pror-

573 3805 665 3863 VI.

743 2248 871 2295 sus
900 2226 1267 2295 assentior.
1365 2227 1464 2293 M.
1498 2220 1695 2312 Quid
1728 2222 1928 2319 quod
1961 2224 2186 2295 multa
2220 2227 2623 2323 perniciosa
2646 2238 2708 2316 ⁴,

746 2343 973 2416 multa
1006 2340 1343 2443 pestifera
1368 2356 1396 2398 ⁵
1438 2345 1848 2414 sciscuntur
1877 2346 1951 2413 in
1983 2342 2312 2443 populis,
2343 2367 2530 2441 quae
2553 2368 2709 2417 non

745 2467 973 2563 magis
1016 2463 1193 2561 legis
1237 2486 1508 2535 nomen
1548 2466 1949 2563 attingunt,
2006 2487 2226 2561 quam
2270 2466 2331 2536 si
2377 2463 2639 2537 latores
2675 2473 2705 2514 ⁸

741 2582 1019 2680 aliquas
1048 2596 1078 2634 ⁷
1136 2607 1476 2655 consessu
1535 2607 1671 2654 suo
1733 2587 2119 2656 sanxerint.
2222 2587 2405 2656 Nam
2462 2608 2709 2682 neque

741 2702 1193 2774 medicorum
1236 2715 1618 2802 praecepta
1662 2701 1808 2774 dici
1853 2726 2022 2775 vere
2064 2719 2390 2803 possent,
2425 2709 2707 2803 siquae

736 2825 948 2894 inscii
993 2825 1454 2921 imperitique
1495 2846 1633 2921 pro
1666 2822 2096 2895 salutaribus
2129 2822 2502 2899 mortifera
2529 2849 2707 2898 con-

739 2944 1216 3041 scripserunt;
1274 2965 1517 3053 neque
1583 2945 1658 3013 in
1720 2942 1994 3041 populo
2047 2943 2196 3035 lex,
2261 2945 2708 3019 cuicuimodi

737 3058 958 3132 fuerit
999 3061 1145 3151 illa,
1192 3064 1405 3132 etiam
1446 3065 1507 3132 si
1555 3065 2045 3160 perniciosum
2076 3063 2352 3162 aliquid
2383 3065 2703 3165 populus

735 3183 1112 3277 acceperit.
1210 3184 1399 3277 Ergo
1439 3194 1547 3250 est
1576 3179 1690 3252 lex
1720 3184 2077 3255 iustorum
2113 3187 2702 3282 iniustorumque

733 3295 1134 3386 distinctio,
1174 3296 1263 3368 ad
1300 3297 1493 3370 illam
1535 3302 2104 3396 antiquissimam
2141 3316 2216 3375 et
2255 3328 2502 3377 rerum
2543 3328 2700 3376 om-

734 3419 939 3489 nium
964 3420 1367 3516 principem
1400 3442 1733 3518 expressa
1759 3435 2086 3494 naturam
2103 3474 2123 3512 ,
2147 3421 2238 3495 ad
2261 3448 2481 3521 quam
2503 3423 2698 3522 leges

735 3533 1120 3608 hominum
1170 3536 1610 3636 diriguntur,
1667 3563 1855 3636 quae
1903 3541 2256 3641 supplicio
2313 3542 2697 3645 improbos

735 3651 1104 3744 afficiunt,
1143 3655 1546 3730 defendunt
1579 3683 1664 3732 ac
1693 3673 1994 3733 tuentur
2022 3661 2277 3736 bonos.

833 3779 921 3868 Q.
972 3777 1336 3851 Praeclare
1366 3779 1725 3878 intelligo:
1749 3805 1887 3854 nec
1924 3806 2095 3857 vero
2123 3787 2266 3856 iam
2294 3784 2508 3858 aliam
2539 3808 2693 3859 esse

792 4066 809 4100 ¹
845 4062 968 4115 iusti
995 4074 1047 4116 et
1077 4064 1225 4117 iuris.
1295 4067 1320 4105 ¹
1355 4085 1510 4123 anne.
1587 4073 1611 4112 ³
1644 4069 1847 4125 haberi.
1921 4074 1944 4115 ἱ
1980 4074 2290 4142 pernicloso-
2364 4076 2389 4115 ⁸
2421 4074 2693 4144 pestifere.

722 4151 748 4187 ⁶
781 4146 1023 4201 latrones.
1095 4153 1117 4189 '1
1154 4149 1348 4218 aliqua.
