3131 5032
1324 457 1464 533 237

372 693 479 729 non
511 670 722 743 depelle
761 671 842 723 10.

370 767 570 838 pellere
600 765 691 816 39.

373 876 431 911 eo
458 860 575 911 eine
600 857 736 908 ferro
760 859 826 918 ῥ’.

802 990 834 1057 5
870 990 958 1041 21.

376 1150 466 1185 em·
492 1148 601 1183 non
628 1139 716 1181 aut
740 1138 915 1181 vetere
942 1127 1026 1179 10.

377 1227 599 1297 proferet
629 1228 663 1275 B
698 1226 753 1276 Β.

379 1330 463 1370 eut
491 1335 584 1369 cur
611 1316 781 1368 aliene
811 1313 1126 1383 proferemus
1160 1327 1217 1360 α.

378 1410 697 1480 proferamus
738 1410 780 1468 β
831 1424 865 1470 y
900 1404 987 1456 47.
1017 1404 1104 1456 48.
1129 1402 1217 1454 58.
1251 1399 1369 1451 120.

450 1501 570 1553 122.
610 1498 727 1550 124.
769 1496 886 1550 126.
926 1495 1042 1547 127.
1075 1496 1137 1546 V.

380 1592 548 1645 endu
599 1590 700 1642 fuit
756 1600 859 1640 tem
916 1587 1162 1638 inimicus
1218 1582 1372 1636 nobie

452 1684 632 1734 fuisset
665 1698 721 1731 α.

382 1773 549 1826 andex
577 1767 930 1823 labefactando
956 1766 1057 1819 fuit
1081 1775 1187 1816 tam
1220 1763 1303 1815 10.

383 1864 630 1915 inimicus
675 1862 828 1913 nobie
880 1860 961 1911 10.
1005 1858 1095 1910 39.
1136 1856 1223 1908 47.
1255 1853 1371 1908 120.

454 1956 571 2007 ln.
612 1954 727 2006 124.
768 1953 883 2004 126.
919 1950 1039 2001 127.

386 2059 437 2102 et
468 2058 527 2099 ut
556 2047 803 2116 cogitaret
837 2046 883 2096 A
916 2046 999 2094 11.
1032 2042 1120 2094 65.

385 2141 663 2209 cogitarem
698 2137 764 2188 Ε.

386 2232 726 2285 tribunicium
755 2228 1024 2280 excitasset
1052 2225 1135 2275 10.

388 2341 548 2395 quem
579 2332 637 2373 ut
663 2319 906 2371 homiues
941 2318 1023 2368 10.

388 2414 534 2466 nulla
561 2415 619 2464 in
648 2412 804 2464 domo
838 2409 954 2460 124.
980 2406 1101 2459 126.

389 2505 496 2557 ulla
524 2506 581 2557 in
612 2511 767 2573 gente
796 2500 839 2552 D
871 2519 907 2550 α
941 2499 1022 2551 10.

388 2613 457 2648 ne
485 2595 595 2647 ulle
627 2593 716 2644 47.
753 2590 869 2643 122.

389 2699 546 2759 geme
578 2686 839 2756 reperient
862 2682 928 2733 11.

388 2781 640 2850 reperiret
675 2776 759 2826 10.

388 2871 623 2924 tenebris
647 2885 760 2920 rem
787 2884 842 2935 p.
867 2864 955 2915 39.

387 2959 790 3036 perturbandam
811 2956 898 3008 39.

396 3051 752 3129 (putaverunt)
791 3049 879 3100 10.

393 3149 486 3219 qni
519 3145 673 3199 nobie
702 3138 964 3212 quoda-m
994 3134 1262 3204 egregium
1293 3130 1380 3182 39.

394 3241 451 3292 in
511 3233 836 3290 mortalitatis
897 3227 1202 3281 memoriam
1257 3220 1381 3292 glo-

459 3329 587 3383 riosi
624 3326 710 3379 10.

399 3417 723 3489 (tribunum)
753 3416 797 3468 D
829 3413 915 3466 47.
946 3411 1062 3463 122.

396 3512 706 3584 repperirini
723 3508 856 3560 sicut
870 3519 1076 3557 neeesse
1092 3498 1307 3571 quidem
1323 3500 1380 3550 B.

395 3605 622 3675 reperire
648 3601 736 3653 48.

396 3712 606 3750 neeesse
634 3690 852 3762 quidem
877 3688 921 3741 A
951 3686 994 3739 l)
1027 3685 1068 3737 E
1103 3691 1146 3747 β
1181 3685 1263 3734 11.
1293 3682 1382 3735 65.

396 3804 494 3841 nee
520 3801 633 3838 esee
661 3781 877 3852 quidem
918 3796 952 3827 α
983 3796 1017 3841 γ
1054 3776 1136 3828 10.
1177 3774 1265 3826 39.
1293 3772 1380 3825 47.

464 3878 554 3930 48.
582 3875 670 3927 68.
697 3873 785 3924 96.
818 3870 934 3921 120.
969 3867 1084 3919 122.
1118 3865 1234 3918 127.
1260 3863 1379 3916 RV.

814 4005 972 4073 §22-

395 4148 631 4203 tribuuoe
658 4143 750 4197 aed
779 4140 874 4194 ille
901 4143 958 4192 B.

395 4257 521 4307 quae
548 4248 771 4305 stragem
797 4231 859 4284 B.

1423 659 1584 731 (ulle)
1615 677 1706 730 epe
1742 661 1801 712 δ’.

1420 755 1591 827 future
1621 754 1835 807 reddere
1870 757 1953 808 11.
1978 755 2061 809 58.
2081 758 2169 810 65.
2183 757 2412 811 96.127.

1421 846 1593 898 future
1630 845 1807 898 sedere
1835 848 2004 915 potuit
2031 866 2065 912 r
2094 848 2185 899 39.
2223 848 2342 899 120.

1423 937 1593 988 futura
1626 953 1681 988 ee
1709 936 1830 989 dere
1860 937 1928 990 V.

1423 1028 1565 1079 furor
1596 1026 1752 1081 edere
1783 1028 1874 1081 47.
1901 1029 1989 1080 48.
2021 1029 2415 1084 122.124.126.

1424 1119 1596 1171 futura
1628 1120 1803 1173 federe
1836 1122 1917 1172 10.

1425 1212 1660 1281 impurae
1690 1212 1842 1264 velbe
1874 1212 2157 1265 multorum
2189 1214 2247 1264 B.

1427 1301 1633 1373 impure
1661 1302 1747 1354 vel
1776 1302 1912 1356 bene
1942 1303 2223 1355 multorum
2252 1304 2315 1356 B.

1428 1394 1632 1462 impure
1664 1392 1751 1446 vel
1779 1394 1878 1446 boe
1908 1394 2190 1448 multorum
2226 1395 2287 1448 δ.

1428 1485 1613 1536 balhee
1643 1484 1926 1538 multorum
1955 1505 2010 1551 y.

1429 1575 1588 1627 belbe
1621 1576 1706 1627 10.

1427 1667 1585 1719 belbe
1614 1667 1702 1718 39.

1431 1757 1770 1810 inflammetis
1797 1758 1885 1810 58.
1915 1759 2001 1811 65.
2028 1759 2115 1810 96.
2153 1759 2271 1811 120.
2305 1760 2420 1813 127.

1427 1849 1767 1901 vehementer
1793 1851 1836 1900 ei
1865 1848 2015 1901 illem
2037 1849 2201 1920 probo
2236 1851 2299 1903 B.

1429 1940 1793 1994 vehementius
1820 1959 1877 2005 r.

1431 2032 1578 2084 illam
1611 2032 1698 2084 10.
1733 2033 1816 2084 11.

1431 2122 1611 2194 Sylam
1638 2122 1976 2176 vehementer
2008 2122 2171 2191 probo
2201 2141 2258 2173 α.

1432 2216 1491 2267 in
1526 2216 1638 2267 iure
1672 2214 1908 2269 faciendo
1943 2215 2029 2268 10.

1431 2315 1679 2375 potestate
1712 2308 1770 2358 B.

1434 2398 1689 2448 auxilium
1721 2398 1765 2448 A
1801 2397 1888 2466 (ex
1928 2398 2093 2465 corr.)
2132 2400 2167 2448 B
2196 2400 2238 2450 D
2273 2416 2308 2448 α
2343 2400 2424 2453 11.

1501 2489 1591 2541 39.
1632 2489 1719 2541 47.
1767 2489 1854 2542 48.
1895 2492 1983 2543 58.
2033 2492 2118 2543 65.
2169 2490 2258 2543 96.
2305 2490 2423 2543 120.

1505 2578 1628 2631 122.
1662 2579 1778 2632 127.
1807 2579 1851 2631 R
1878 2580 1944 2631 V.

1438 2670 1748 2740 Pompeium
1779 2670 1934 2740 (que)
1965 2672 2054 2723 96.

1439 2759 1700 2831 (semper.)
1738 2761 1821 2813 10.

1440 2855 1659 2904 summis
1685 2851 1845 2923 (que)
1868 2854 1957 2905 39.

1440 2952 1494 2995 et
1520 2943 1632 2996 fero
1661 2943 1904 2996 laudibus
1933 2941 1972 2993 B
2001 2943 2064 2994 B.

1439 3051 1537 3087 nee
1571 3032 1770 3103 (euim)
1803 3035 1891 3087 39.
1928 3034 2049 3085 120.
2084 3033 2199 3086 127.
2224 3032 2292 3085 V.

1436 3125 1627 3179 liberet
1653 3126 1741 3179 39.

1438 3236 1535 3271 nee
1561 3217 1770 3270 laudere
1803 3214 2021 3286 quidem
2049 3232 2258 3287 possum
2288 3232 2323 3264 α
2343 3215 2426 3267 10.

1770 3375 1996 3431 CAPUT
2032 3377 2099 3429 X.

1854 3539 2018 3609 §²8-

1438 3675 1562 3727 vitie
1594 3673 1863 3745 (quidem)
1897 3674 2185 3727 tribunatu·
2220 3690 2277 3726 α.

1437 3764 1682 3837 praedare
1718 3767 1835 3818 127.
2176 3779 2257 3858 223

1437 3859 1801 3930 praeclareque
1825 3860 2081 3930 perspicis
2106 3858 2196 3911 39.
2224 3861 2231 3864 4

1436 3952 1662 4022 percipie
1689 3951 1731 4002 li·
1767 3949 1884 4002 120.

1438 4042 1529 4095 sed
1557 4051 1639 4095 eet
1668 4042 1727 4105 in
1753 4057 1857 4109 que
1883 4039 1970 4091 96.

1436 4132 1708 4186 emundi
1738 4134 1822 4185 11.
1858 4130 1949 4183 65.

1437 4236 1674 4279 mutent
1700 4225 1766 4278 tle
1796 4218 2167 4291 praetermissis
2198 4217 2260 4271 B.
