3131 5032
802 394 960 461 474-
1512 387 1666 470 Lm.
1709 390 1813 476 ιι,
1859 395 1942 476 ³,
1988 397 2052 459 7.

791 598 935 658 drus
960 598 1242 671 facium&
1280 615 1484 677 neque
1508 596 1669 657 infra
1697 595 1839 678 Cap.
1856 596 1975 675 27,
2006 597 2119 675 69,
2146 617 2342 679 quum
2368 599 2478 661 Ιιοο
2502 620 2779 681 praeser-

790 704 902 761 tim
929 702 1027 761 die
1052 700 1324 778 dixisset,
1343 708 1551 760 monet
1586 701 1865 761 similiter
1890 700 2235 762 Phaedrum
2262 702 2432 783 loqui
2448 723 2510 783 p.
2529 704 2773 782 229,ss

789 804 994 884 Longe
1039 804 1509 866 diversissimum
1556 803 1880 864 consilium
1929 813 2018 865 est
2070 805 2230 867 Orat.
2265 805 2334 882 1,
2374 807 2452 883 7,
2489 806 2612 885 28,
2652 808 2773 869 uhi

791 907 871 968 de
898 907 1194 969 industria
1232 916 1418 969 totam
1445 907 1616 968 illam
1644 907 1905 969 Platonis
1933 909 2001 968 in
2030 907 2301 969 Phaedro
2325 917 2771 990 σκηνογραφίαν

786 1013 1190 1093 persequitur.
1246 1011 1404 1071 Ilissi
1435 1012 1676 1072 ὑδάτιω
1693 1011 1843 1093 (Cic.
1860 1011 2165 1092 aqualem)
2184 1012 2452 1092 appellat
2464 1015 2768 1092 Socrates,

778 1123 1000 1195 ‚utpote
1028 1115 1261 1176 aestatis
1279 1123 1550 1193 tempore
1559 1138 1579 1192 3
1600 1121 1874 1173 ceterum
1894 1122 2129 1175 torrens
2152 1123 2309 1176 erat:
2338 1114 2501 1177 conf.
2516 1116 2768 1178 Words·

786 1219 1008 1279 worth.
1049 1218 1157 1279 lib.
1198 1217 1303 1279 cit.
1342 1237 1404 1296 p.
1454 1217 1591 1278 161.

867 1320 912 1402 §
963 1321 1023 1382 7.
1123 1333 1211 1382 est
1261 1341 1395 1381 vero
1448 1317 1564 1400 ita)
1662 1318 1998 1400 Utrumque
2046 1338 2158 1400 per
2191 1340 2254 1381 se
2287 1320 2577 1398 affirmat,
2623 1330 2765 1385 tum

787 1435 875 1485 est
907 1426 997 1484 ita
1014 1470 1032 1502 ,
1075 1434 1208 1485 tum
1243 1444 1412 1485 vero.-
1453 1422 1560 1483 sed
1607 1423 1898 1501 coniungi
1945 1422 2051 1482 illa
2092 1424 2268 1485 nullo
2302 1424 2452 1484 dum
2480 1426 2765 1505 exemplo

784 1527 1208 1588 confirmatum
1256 1527 1405 1588 vidi.
1505 1525 1822 1587 Praeterea
1871 1525 2025 1605 quid
2074 1546 2227 1607 opus
2263 1536 2395 1588 erat
2425 1526 2762 1593 affirmari?

782 1632 1135 1709 praesertim
1183 1640 1313 1711 post
1363 1629 1847 1692 admirationem.
1937 1629 2105 1689 Nihil
2147 1629 2437 1691 adiuvant
2475 1631 2651 1707 libri,
2688 1632 2764 1693 in

785 1754 1049 1815 quorum
1085 1755 1211 1796 uno
1236 1735 1550 1814 alteroque
1580 1741 1698 1808 est,
1725 1743 1812 1792 est
1838 1752 1911 1791 ns
1938 1731 2069 1813 (aut
2096 1733 2233 1811 nec)
2269 1735 2377 1794 ita.
2458 1735 2762 1815 Equidem

781 1837 1006 1899 ferrem
1042 1840 1127 1899 eit
1160 1841 1250 1899 ita
1263 1883 1283 1914 ‚
1321 1857 1447 1917 quo
1480 1835 1662 1897 modo
1697 1835 2047 1896 Ciceronem
2081 1833 2262 1897 decet
2288 1835 2369 1899 de
2396 1856 2542 1898 suae
2573 1836 2762 1898 vinae

782 1942 1150 2003 amoenitate
1186 1940 1570 2021 respondere.

865 2045 1008 2105 huic
1056 2046 1406 2104 amoenitati
1436 2075 1519 2087 —
1552 2040 1929 2124 concesserit)
2007 2040 2172 2102 Bene
2205 2041 2565 2121 repudiatur
2598 2041 2762 2103 viro·

782 2166 923 2206 rum
987 2143 1307 2204 doctorum
1368 2142 1665 2203 correctio
1731 2145 2082 2203 amoenitate
2095 2168 2116 2202 .·
2175 2143 2375 2223 deque
2438 2164 2510 2204 ea
2562 2145 2762 2205 forma

782 2243 1201 2306 similitudinis
1253 2241 1676 2304 enunciandae
1729 2243 1893 2304 cons.
1944 2243 2141 2307 Beier.
2190 2245 2267 2305 ad
2322 2245 2486 2306 Offic.
2536 2246 2593 2321 Ι,
2633 2246 2717 2307 22
2733 2293 2758 2324 ,

786 2349 898 2425 76,
938 2368 1001 2428 p.
1047 2347 1183 2411 176.
1230 2345 1438 2407 Amtz.
1488 2345 1569 2405 ad
1621 2344 1777 2407 Plin.
1814 2345 2101 2427 Panegyr.
2133 2347 2251 2424 35,
2293 2348 2353 2410 4.
2433 2347 2549 2409 Pro
2575 2371 2761 2429 quens

784 2471 1009 2531 magno
1040 2469 1336 2512 consensu
1368 2448 1686 2529 corrigunt
1718 2450 2230 2530 quemadmodum.-
2271 2453 2492 2531 poterit
2517 2452 2761 2514 facilius

780 2563 1140 2635 corruptum
1194 2572 1318 2614 esse
1371 2573 1447 2613 ex
1498 2564 1804 2633 quantum.
1883 2553 2165 2614 Nondum
2213 2556 2526 2633 cognitum
2558 2555 2761 2618 Marco

781 2668 913 2719 erat
962 2658 1151 2720 Attici
1206 2658 1273 2716 in
1322 2656 1503 2736 Epiro
1547 2655 1868 2736 praedium
1918 2676 2115 2736 quum
2170 2658 2469 2720 scribebat
2511 2658 2616 2738 Ep.
2653 2660 2756 2722 16.

781 2762 892 2824 lib.
944 2761 997 2821 1.
1048 2761 1126 2821 ad
1174 2766 1299 2821 Att.
1350 2767 1504 2821 extr.
1614 2759 1924 2820 Thebanus
1981 2760 2283 2838 aptissime
2322 2762 2652 2842 corrigitur
2681 2763 2756 2824 in

790 2865 1110 2944 Thyamis,
1150 2863 1327 2924 cuius
1362 2862 1539 2922 fluvii
1575 2863 1822 2923 nomine
1852 2862 2039 2924 Attici
2072 2863 2396 2942 praedium
2428 2865 2754 2945 significari

779 2967 1026 3030 videtur
1057 2966 1135 3028 ad
1169 2964 1470 3040 Att.vl1,
1511 2964 1584 3041 2,
1625 2964 1687 3026 3.

862 3071 1060 3152 exigis
1105 3102 1186 3116 —
1232 3069 1431 3151 deberi
1468 3065 1687 3150 potest)
1765 3067 2065 3130 Translata
2106 3069 2185 3130 de
2215 3071 2517 3150 pecuniae
2547 3072 2755 3133 credi-

782 3180 931 3236 tore.
1014 3174 1112 3234 Sic
1144 3176 1378 3256 exigere
1417 3173 1587 3234 Brut.
1624 3172 1695 3249 4,
1742 3173 1836 3234 17.
1917 3172 2049 3234 Fin.
2079 3173 2175 3250 11,
2201 3175 2313 3251 22,
2347 3177 2448 3238 73.
2481 3178 2641 3240 Lael.
2673 3176 2748 3255 9,

780 3276 895 3337 31:
954 3297 1029 3338 ex
1080 3279 1414 3356 eademque
1476 3276 1712 3337 ratione
1775 3275 2169 3356 explicandae
2226 3287 2367 3338 sunt
2419 3280 2755 3343 locutiones

780 3378 949 3442 Verr.
1005 3381 1066 3456 Ι,
1127 3380 1206 3440 40
1219 3425 1238 3455 ,
1301 3379 1436 3440 103.
1496 3379 1616 3455 111,
1681 3377 1792 3455 46,
1855 3378 2002 3440 109:
2060 3400 2219 3459 quae
2263 3383 2568 3445 monenda
2606 3393 2753 3446 sunt

778 3490 1026 3561 propter
1073 3482 1345 3543 Iudicem
1395 3482 1845 3542 Schutzianum.
1881 3482 2098 3543 Salust.
2141 3482 2274 3563 lug.
2312 3485 2592 3564 LXXXV,
2632 3487 2745 3565 37,

777 3586 1061 3648 nobilitas
1096 3617 1174 3629 -
1211 3587 1453 3645 honores
1488 3587 1665 3665 quasi
1696 3586 1920 3646 debitos
1954 3607 1994 3646 a
2028 3586 2197 3647 vobis
2236 3590 2461 3668 repetit.
2543 3589 2749 3651 Sueto·

779 3688 921 3748 nius
937 3687 1092 3766 Aug.
1112 3687 1222 3763 66,
1253 3690 1485 3770 exigere
1516 3688 2008 3766 benevolentiam,
2039 3689 2147 3749 ubi
2172 3694 2483 3753 annotavit
2495 3692 2747 3755 Ruhnks

783 3790 951 3851 Plato
984 3790 1216 3853 Politic.
1251 3812 1313 3871 p.
1353 3792 1503 3868 267,
1542 3791 1625 3867 A,
1666 3796 1998 3872 καθαπερεὶ
2024 3796 2204 3872 χρέος
2241 3796 2613 3866 ἀποδέδωκὰς
2635 3822 2746 3875 μοι

782 3901 884 3958 τὸν
909 3900 1101 3977 λόγον.
1136 3930 1217 3942 -
1236 3895 1367 3956 Mox
1381 3942 1398 3971 ,
1430 3895 1496 3955 in
1527 3895 1730 3956 verbis
1762 3909 1820 3958 et
1855 3898 1999 3974 tibi,
2035 3918 2352 3978 perperam
2385 3901 2751 3962 Goerenzius

783 4012 840 4064 et
868 4022 982 4083 pro
1011 4014 1067 4062 et
1098 4021 1241 4061 sane
1288 4001 1549 4081 positum
1596 4000 1774 4061 dicit:
1817 4000 1977 4060 nihil
2008 4002 2174 4061 enim
2207 4004 2324 4062 nisi
2359 4006 2749 4067 continuatur

781 4106 1143 4187 praecedens
1163 4106 1463 4186 praeclare
1491 4106 1721 4186 exigis.-
1747 4116 1810 4166 ae
1834 4137 1916 4151 —
1940 4106 2275 4168 arbitrabar
2305 4108 2371 4167 in
2404 4110 2749 4188 parenthesi
