3131 5032
618 2491 706 2546 26.

614 2847 706 2909 IX.

1704 456 1796 535 14

774 699 925 776 quo
943 670 1254 750 efficitur
1285 674 1492 767 illud,
1526 689 1610 747 ut
1640 680 1699 747 is
1728 690 2064 772 agnoscat
2083 670 2333 765 deum,
2365 674 2498 771 qui
2524 673 2722 749 unde

772 811 975 869 ortus
1036 802 1129 869 sit
1179 800 1386 893 quasi
1435 794 1858 868 recordetur
1902 809 1975 867 et
2025 808 2362 893 agnoscat
2402 803 2452 865 ¹.
2572 800 2720 868 Iam

769 939 942 987 vero
993 919 1216 988 virtus
1259 914 1508 987 eadem
1547 918 1623 984 in
1659 913 1955 985 homine
1990 938 2075 985 ac
2111 912 2249 984 deo
2286 926 2430 1001 est,
2480 937 2722 1009 neque

768 1036 908 1108 alio
960 1035 1110 1106 ullo
1168 1038 1457 1134 ingenio
1518 1047 1907 1133 praeterea.
2029 1037 2151 1107 Est
2197 1046 2441 1104 autem
2493 1037 2725 1106 virtus

770 1155 953 1226 nihil
988 1156 1210 1246 aliud,
1261 1158 1335 1225 in
1384 1179 1458 1225 se
1485 1162 1510 1200 ²
1560 1151 1878 1252 perfecta
1924 1165 1996 1224 et
2033 1150 2124 1224 ad
2158 1176 2523 1223 summum
2558 1177 2725 1251 per-

772 1275 988 1348 ducta
1032 1290 1320 1348 natura:
1371 1289 1477 1347 est
1522 1278 1745 1373 igitur
1783 1273 2064 1344 homini
2102 1297 2269 1343 cum
2305 1271 2445 1344 deo
2479 1273 2726 1344 simili-

773 1393 972 1465 tudo.
1090 1384 1309 1485 Quod
1370 1419 1600 1490 quum
1654 1397 1756 1465 ita
1806 1396 1926 1482 sit,
1986 1415 2173 1488 quae
2229 1391 2521 1463 tandem
2568 1417 2726 1465 esse

774 1526 1013 1612 potest
1069 1517 1369 1613 propior
1429 1515 1781 1585 certiorve
1841 1509 2221 1607 cognatio?
2326 1515 2576 1607 Itaque
2629 1510 2726 1584 ad

774 1631 1156 1703 hominum
1212 1630 1758 1704 commoditates
1804 1643 1877 1701 et
1930 1652 2101 1699 usus
2161 1641 2434 1699 tantam
2478 1653 2726 1701 rerum

774 1753 1180 1824 ubertatem
1217 1766 1474 1824 natura
1503 1751 1752 1847 largita
1784 1762 1923 1838 est,
1960 1763 2046 1819 ut
2081 1773 2165 1820 ea
2198 1771 2385 1844 quae
2422 1751 2728 1846 gignun-

772 1887 896 1943 tur
927 1872 1191 1944 donata
1228 1870 1559 1942 consulto
1593 1867 1839 1957 nobis,
1889 1891 2038 1938 non
2076 1857 2381 1938 fortuito
2421 1882 2587 1940 nata
2627 1871 2728 1939 vi-

776 1989 1116 2061 deantur:
1151 2012 1287 2062 nec
1324 1989 1558 2060 solum
1590 2012 1673 2060 ea
1702 2011 1890 2084 quae
1921 1985 2249 2085 frugibus
2278 2001 2498 2083 atque
2531 1986 2729 2061 bacis

778 2124 1011 2182 terrae
1072 2107 1225 2180 fetu
1284 2106 1859 2207 profunduntur,
1929 2108 2053 2180 sed
2106 2112 2320 2179 etiam
2377 2107 2727 2207 pecudes,

775 2228 974 2326 quod
1011 2231 1472 2327 perspicuum
1505 2231 1595 2299 sit
1630 2226 1890 2325 partim
1928 2252 2083 2300 esse
2119 2226 2208 2300 ad
2240 2253 2453 2301 usum
2490 2227 2727 2300 homi·

774 2373 953 2420 num
974 2402 991 2433 ,
1047 2352 1307 2448 partim
1343 2346 1430 2420 ad
1464 2346 1818 2437 fructum,
1869 2351 2132 2446 partim
2163 2347 2254 2420 ad
2286 2345 2726 2420 vescendum

775 2483 1201 2569 procreatas.
1315 2473 1522 2541 Artes
1574 2492 1747 2540 vero
1804 2467 2358 2542 innumerabiles
2400 2483 2725 2568 repertae

773 2603 941 2660 sunt
987 2588 1293 2660 docente
1341 2604 1624 2678 natura,
1675 2612 1895 2685 quam
1940 2592 2214 2662 imitata
2254 2592 2435 2663 ratio
2474 2614 2586 2663 res
2628 2589 2726 2662 ad

770 2712 991 2780 vitam
1022 2712 1452 2782 necessarias
1483 2708 1811 2780 sollerter
1842 2723 2228 2782 consecuta
2263 2722 2392 2780 est.

868 2834 1111 2928 Ipsum
1149 2844 1392 2902 autem
1428 2829 1800 2901 hominem
1838 2828 2087 2901 eadem
2126 2844 2382 2902 natura
2416 2854 2567 2901 non
2605 2854 2721 2902 so·

770 2947 922 3019 lum
976 2949 1337 3021 celeritate
1391 2952 1653 3021 mentis
1706 2951 2016 3039 ornavit,
2076 2948 2199 3020 sed
2252 2961 2324 3020 et
2363 2958 2389 2997 ³
2438 2974 2722 3040 sensuS,

772 3082 1140 3165 tamquam
1184 3069 1544 3159 satellites,
1595 3066 1926 3141 attribuit
1973 3094 2058 3142 ac
2101 3072 2442 3157 nunciOS,
2493 3083 2565 3141 et
2607 3093 2723 3141 re-

768 3211 933 3257 rum
960 3187 1434 3285 plurimarum
1466 3188 1809 3260 obscuras
1843 3213 1979 3261 nec
2012 3192 2181 3264 satis
2220 3189 2724 3287 intelligentias

772 3304 1110 3377 enodavit
1132 3320 1159 3359 ⁴
1177 3358 1197 3397 ,
1237 3311 1442 3404 quasi
1477 3306 1945 3381 fundamenta
1974 3308 2327 3405 quaedam
2353 3312 2719 3383 scientiaea

770 3423 1224 3524 figuramque
1279 3431 1604 3527 corporis
1655 3426 1969 3500 habilem
2017 3442 2089 3500 et
2136 3442 2377 3527 aptam
2426 3431 2720 3526 ingenio

769 3545 1091 3624 humano
1152 3548 1370 3621 dedit.
1468 3551 1652 3622 Nam
1707 3573 1936 3646 quum
1997 3562 2268 3622 ceteras
2321 3552 2720 3622 animantes

769 3664 1143 3740 abiecisset
1181 3668 1271 3741 ad
1304 3685 1624 3769 pastum,
1678 3670 1911 3742 solum
1946 3669 2314 3741 hominem
2354 3674 2609 3759 erexit,
2642 3683 2720 3743 et

768 3785 858 3858 ad
903 3787 1078 3859 caeli
1103 3799 1129 3836 ⁵
1177 3793 1381 3885 quasi
1420 3794 1867 3888 cognationis
1908 3789 2394 3887 domiciliique
2430 3793 2718 3889 pristini

828 4090 845 4124 ¹
874 4105 932 4139 ac
961 4098 1151 4140 noscat.
1223 4094 1246 4131 ²
1279 4107 1436 4157 quam
1464 4094 1521 4142 in
1550 4108 1626 4144 se.
1698 4094 1722 4131 ⁸
1748 4091 1925 4146 etiam.
1995 4093 2018 4130 0
2048 4090 2377 4144 obscurarum
2411 4094 2729 4145 noceam-iu

759 4171 1132 4240 intelligentias
1164 4174 1422 4225 enudavit.
1498 4179 1520 4211 ⁵
1556 4176 1616 4225 ad
1649 4175 1901 4241 caelique.
