3131 5032
1342 412 1436 483 55

417 615 590 713 quid
638 618 990 689 sentias?-
1044 621 1140 689 M.
1204 619 1490 717 Egone?
1539 619 2083 708 divinationem,
2136 642 2353 713 quam

413 739 664 808 Graeci
685 741 1076 831 μαντικήν
1102 738 1492 838 appellant,
1515 762 1672 810 esse
1693 742 1922 810 sentio
1946 751 1999 827 ¹,
2037 751 2107 809 et
2137 736 2355 806 huius

408 854 596 928 hanc
642 861 873 956 ipsam
925 873 1236 957 partem,
1286 884 1473 956 quae
1513 873 1623 932 est
1667 863 1741 929 in
1779 858 2030 932 avibus
2068 861 2353 930 ceteris-

407 999 554 1070 que
610 980 833 1075 signis
887 1002 1038 1074 quo
1071 990 1100 1030 ²
1155 977 1571 1078 disciplinae
1629 993 1916 1051 nostrae
1965 1001 2284 1051 summos
2324 983 2349 1020 ⁸

404 1117 558 1167 esse
619 1096 1080 1169 concedimus
1128 1112 1190 1187 ⁴,
1258 1121 1657 1194 eorumque
1702 1112 1943 1170 mente
2001 1096 2355 1168 mundum

407 1216 596 1312 regi,
627 1229 700 1287 et
735 1216 1159 1289 eorumdem
1188 1229 1216 1268 ⁵
1255 1217 1633 1289 hominum
1667 1218 2039 1290 consulere
2074 1219 2353 1313 generi,

406 1347 478 1405 et
513 1358 725 1431 posse
755 1335 970 1408 nobis
1001 1340 1206 1434 signa
1235 1361 1478 1408 rerum
1504 1335 1912 1409 futurarum
1941 1334 2353 1422 ostendere3

404 1474 555 1524 non
607 1453 849 1543 video,
899 1476 1031 1527 cur
1078 1479 1229 1528 esse
1276 1455 1787 1527 divinationem
1839 1480 2133 1552 negem:
2184 1468 2352 1526 sunt
2423 1464 2509 1514 33·

397 1585 647 1645 autem
685 1597 770 1649 &a
809 1599 997 1670 quae
1030 1579 1278 1673 posui:
1328 1599 1416 1646 ex
1451 1573 1721 1671 quibus
1756 1574 1869 1663 id,
1916 1574 2115 1670 quod
2154 1574 2352 1645 &olu-

406 1715 603 1782 muS,
647 1690 957 1765 efficitur
1008 1708 1081 1766 et
1145 1698 1445 1792 cogitur.
1542 1699 1691 1765 Iam
1745 1716 1916 1765 vero
1966 1693 2358 1792 permulto-

403 1834 565 1885 rum
596 1813 1091 1912 exemplorum
1125 1828 1198 1885 et
1232 1828 1476 1886 nostra
1512 1827 1620 1884 est
1646 1812 1856 1911 plena
1888 1836 2001 1883 res
2036 1810 2355 1910 publica,

401 1945 476 2004 et
500 1935 746 2004 omnia
769 1956 987 2029 regna
1013 1956 1413 2029 omnesque
1436 1932 1692 2031 populi
1715 1946 2161 2029 cunctaeque
2189 1955 2358 2029 gen·

401 2064 548 2141 tes,
575 2075 935 2149 augurum
974 2051 1355 2152 praedictis
1383 2052 1609 2124 multa
1642 2050 2158 2124 incredibiliter
2193 2075 2356 2122 vera

404 2170 762 2244 cecidisse.
861 2175 1113 2269 Neque
1141 2154 1357 2244 *enim
1402 2169 1720 2267 Polyidi,
1776 2195 2016 2266 neque
2062 2170 2353 2241 Melani·

403 2286 648 2388 podis,
706 2308 951 2386 neque
999 2294 1269 2388 Mopsi,
1324 2312 1564 2386 neque
1617 2288 2067 2388 Amphiarai,
2117 2314 2355 2385 neque

399 2407 835 2498 Calchantis,
877 2432 1119 2506 neque
1154 2408 1408 2482 Heleni
1452 2421 1736 2480 tantum
1775 2433 2040 2481 nomen
2072 2402 2355 2495 fuisset,

397 2554 640 2629 neque
679 2542 790 2602 tot
813 2532 1142 2602 nationes
1164 2528 1241 2602 id
1268 2528 1359 2601 ad
1382 2528 1527 2600 hoc
1550 2543 1836 2627 tempus
1860 2533 2320 2601 retinuissent
2336 2584 2354 2618 ,

393 2652 839 2750 Anpnrigum
874 2661 946 2737 ⁸,
1022 2647 1428 2746 Phrygum,
1496 2654 1910 2745 Lycaonum
1933 2701 1952 2739 ,
2019 2650 2350 2739 Cilicum,

395 2773 850 2866 maximeque
885 2767 1316 2857 Pisidarum,
1349 2771 1486 2840 nisi
1516 2782 1831 2840 vetustas
1863 2794 1945 2841 ea
1978 2784 2169 2841 certa
2199 2795 2351 2842 esse

393 2888 781 2970 damnant.
877 2891 1029 2960 Nec
1077 2909 1252 2957 vero
1298 2886 1650 2958 Romulus
1690 2901 1937 2960 noster
1984 2893 2351 2986 auspicato

395 3005 658 3088 urbm·
724 3004 1198 3093 condidisset,
1254 3028 1497 3100 neque
1568 3006 1746 3075 Attii
1811 3006 2015 3076 Navii
2083 3029 2348 3077 nomen

395 3127 747 3206 memoria
791 3122 1084 3197 floreret
1124 3121 1433 3212 tamdiu,
1481 3125 1623 3193 nisi
1664 3146 1915 3194 omnes
1959 3121 2036 3193 hi
2060 3129 2087 3169 ⁷
2128 3124 2352 3198 multa

393 3244 490 3324 nd
523 3247 896 3326 veritatem
934 3240 1375 3316 admirabilia
1408 3241 1774 3314 dixissent.
1871 3241 2007 3314 Sed
2040 3242 2349 3316 dubium

397 3387 564 3458 ιρι
613 3377 728 3438 ωε
792 3365 972 3461 quin
1029 3360 1210 3435 haec
1266 3360 1642 3462 disciplina
1699 3376 1773 3435 et
1826 3385 1942 3434 ars
1991 3386 2348 3460 augurum

393 3487 769 3570 muttit
818 3487 963 3558 iam
1020 3496 1094 3555 et
1146 3496 1498 3555 vetustate
1553 3496 1628 3553 et
1684 3483 2133 3580 negligentia.
2242 3490 2348 3556 Ita

399 3625 642 3703 nme
668 3602 804 3680 iliis
823 3617 852 3658 ⁸
884 3603 1237 3675 assentior
1266 3604 1396 3697 qui
1424 3599 1612 3674 hanc
1635 3605 2001 3674 scientiam
2029 3617 2296 3699 negant
2317 3614 2342 3650 ⁹

400 3747 747 3821 umquam
780 3725 854 3793 in
890 3735 1141 3793 nostro
1177 3720 1480 3818 collegio
1517 3718 1774 3812 fuisse,
1821 3746 2061 3818 neque
2093 3722 2230 3794 illis
2252 3733 2343 3810 ¹⁰,

457 3947 477 3982 ¹
524 3958 733 3996 couno.
801 3943 825 3979 ²
856 3958 940 3994 om
973 3958 1099 4012 quo.
1171 3942 1195 3979 ⁸
1240 3952 1471 3995 nostrae:
1515 3943 1694 4013 quod,
1738 3961 1902 4013 quum
1943 3961 2171 3996 summos
2215 3944 2359 3996 deos.

393 4030 414 4067 ἱ
468 4027 824 4080 concedamus.
924 4028 948 4064 ⁸
996 4025 1298 4079 eorumdem
1354 4026 1751 4098 benignitatem.
1835 4034 1859 4066 θ
1913 4029 2156 4084 Arabum.
2229 4033 2249 4068 '¹
2301 4029 2356 4077 hi

388 4130 587 4166 omnes.
658 4117 681 4151 ⁸
718 4111 821 4164 illi.
890 4116 914 4151 θ
950 4122 1122 4181 negat.
1195 4113 1243 4150 1⁰
1278 4110 1379 4164 illi.
