3131 5032
1355 480 1431 551 ll

417 714 491 772 et
526 698 894 797 appellare
924 704 945 741 ¹
995 717 1151 767 eam
1205 695 1462 791 legem,
1524 718 1713 791 quae
1758 701 2019 797 scripta
2055 717 2081 754 2
2141 706 2366 774 sancit

419 816 618 917 quod
656 817 847 907 vult,
895 828 1017 888 aut
1053 813 1402 905 iubendo,
1451 828 1577 887 aut
1609 799 1946 907 v'etando,
1997 832 2080 889 ut
2110 819 2368 918 vulgus

418 938 730 1039 appellat
760 946 813 1007 ⁸.
885 926 1388 1008 Constitue-ndi
1416 959 1590 1006 vero
1621 939 1796 1007 iuris
1821 935 1914 1009 ab
1944 936 2058 1008 illa
2094 964 2372 1011 summa

421 1059 578 1157 lege
614 1061 980 1157 capiamus
1019 1055 1421 1146 exordium,
1470 1080 1659 1153 quae
1700 1056 1998 1128 saeculis
2036 1058 2372 1130 omnibus

422 1192 590 1251 ante
637 1190 806 1249 nata
855 1189 997 1265 est,
1046 1199 1267 1272 quam
1310 1179 1574 1273 scripta
1610 1174 1724 1246 lex
1759 1176 1937 1267 ulla,
1987 1191 2113 1248 aut
2152 1202 2372 1274 quam

417 1301 725 1369 omnino
759 1299 1006 1368 civitas
1043 1298 1449 1368 constituta.
1534 1297 1622 1385 Q.
1672 1297 2137 1368 Commodius
2167 1321 2366 1387 vem,

419 1430 495 1489 et
561 1415 657 1488 ad
735 1418 1087 1488 rationem
1158 1418 1468 1485 instituti
1536 1420 1886 1487 sermonis
1959 1421 2370 1516 sapientius,

421 1539 522 1608 M.
579 1538 799 1605 Visne
838 1529 1011 1631 ergo
1046 1535 1268 1632 ipsius
1299 1536 1476 1603 iuris
1507 1545 1753 1603 ortum
1783 1557 1826 1603 a
1862 1531 2062 1605 fonte
2097 1550 2374 1633 repeta-

431 1654 636 1725 mus?
729 1654 896 1743 Quo
947 1656 1243 1723 invento
1283 1674 1433 1721 non
1479 1654 1618 1722 erit
1651 1648 1995 1741 dubium,
2045 1677 2196 1748 quo
2231 1658 2373 1725 sint

427 1772 607 1847 haec
656 1770 1029 1846 referenda
1086 1795 1273 1868 quae
1326 1773 1760 1869 quaerimus.
1858 1771 1946 1859 Q.
2009 1775 2159 1867 Ego
2201 1797 2374 1845 vero

422 1897 519 1967 ita
569 1917 723 1977 esse
773 1889 1182 1965 faciendum
1214 1900 1241 1938 ⁴
1298 1912 1581 1961 censeo.
1694 1892 1832 1960 Att.
1902 1895 2022 1964 Me
2076 1916 2374 1989 quoque

421 2011 815 2086 adscribito
841 2009 1077 2083 fratris
1104 2013 1519 2081 sententiae.
1619 2013 1716 2080 M.
1767 2011 2131 2100 Quoniam
2159 2015 2377 2111 igitur

425 2137 578 2205 eius
626 2135 733 2203 rei
771 2124 1134 2230 publicae,
1184 2153 1401 2227 quam
1439 2132 1788 2228 optimam
1825 2154 1977 2202 esse
2012 2130 2262 2203 docuit
2299 2136 2375 2203 in

423 2252 561 2323 illis
607 2276 734 2323 sex
780 2248 984 2321 libris
1021 2252 1289 2348 Scipio,
1338 2248 1695 2321 tenendus
1729 2263 1837 2321 est
1874 2250 2086 2322 nobis
2124 2266 2196 2322 et
2231 2276 2377 2324 ser-

424 2371 700 2445 vandus
753 2383 1014 2460 status,
1064 2391 1467 2465 omnesque
1506 2368 1696 2465 leges
1732 2369 2378 2444 accommodandae

428 2491 518 2566 ad
545 2488 727 2564 illud
758 2492 1059 2563 civitatis
1089 2512 1346 2587 genuS,
1379 2488 1665 2561 serendi
1697 2493 1914 2563 etiam
1944 2515 2209 2583 mores,
2242 2515 2378 2566 nec

429 2615 709 2711 scriptis
748 2613 991 2683 omnia
1035 2608 1446 2698 sancienda3
1497 2623 1817 2708 repetam
1859 2615 2158 2710 stirpem
2199 2614 2376 2684 iuris

438 2755 481 2803 a
513 2746 794 2822 natura,
847 2754 991 2827 qua
1029 2728 1214 2801 duce
1255 2728 1467 2800 nobis
1502 2732 1738 2800 omnis
1777 2743 1885 2802 est
1915 2740 1942 2778 ⁵
1985 2730 2378 2831 disputatio

440 2849 865 2949 explicanda.
950 2853 1093 2921 Att.
1144 2852 1590 2921 Rectissime:
1621 2863 1693 2920 et
1717 2849 2016 2946 quidem
2036 2854 2170 2923 ista
2193 2850 2379 2924 duce

440 2973 663 3041 errari
699 2969 896 3041 nullo
932 2983 1145 3067 pacto
1184 2980 1443 3068 potest.

528 3092 625 3160 Μ.
690 3094 928 3162 Dasne
976 3092 1198 3185 igitur
1256 3087 1400 3159 hoc
1450 3083 1698 3177 nobis,
1749 3090 2134 3185 Pomponi,
2184 3086 2378 3185 (nam

430 3211 683 3301 Quinti
732 3211 905 3279 novi
955 3205 1438 3303 sententiam‚)
1508 3188 1811 3277 deorum
1866 3206 2378 3280 immortalium

432 3343 516 3401 ut
560 3342 819 3401 natura
855 3333 883 3373 ⁸
928 3331 1241 3417 ratione,
1290 3339 1672 3425 potestate,
1725 3340 2000 3416 mente,
2051 3332 2379 3419 numine,

435 3451 580 3520 sive
621 3446 824 3545 quod
856 3460 963 3518 est
998 3445 1191 3518 aliud
1228 3443 1568 3536 verbum,
1619 3443 1770 3542 quo
1807 3445 2088 3544 planius
2121 3446 2385 3545 signifi·

436 3591 593 3639 cem
617 3565 821 3664 quod
845 3566 1041 3656 volo,
1074 3580 1403 3638 naturam
1424 3589 1716 3637 omnem
1743 3566 1933 3663 regi?
1958 3549 2124 3638 nam
2152 3571 2210 3637 si
2239 3567 2382 3641 hoc

435 3711 585 3759 non
622 3684 917 3786 probas»,
965 3685 1059 3759 ab
1099 3710 1188 3758 eo
1239 3685 1453 3757 nobis
1490 3669 2076 3759 causa‘ordienda
2110 3701 2218 3758 est
2255 3712 2384 3786 po-

440 3809 815 3878 tissimum.
931 3808 1074 3878 Att.
1164 3810 1276 3878 Do
1329 3828 1500 3877 sane
1551 3806 1612 3874 si
1663 3803 2000 3902 postulas.
2099 3810 2377 3878 Etenim

507 4109 527 4145 1
562 4123 668 4159 οη..
703 4103 982 4174 appellare.
1081 4102 1105 4140 ²
1142 4102 1346 4169 scripto.
1444 4103 1469 4140 ⁸
1502 4100 1781 4170 appellare.
1866 4105 1890 4143 ὓ
1924 4101 2219 4156 faciendum
2263 4121 2390 4156 esse.

439 4195 461 4228 ⁸
493 4192 664 4242 omnis
693 4200 771 4241 ost
801 4188 973 4240 nobis.
1045 4190 1068 4223 ⁸
1106 4185 1473 4237 immortalium
1504 4187 1587 4247 vi,
1626 4195 1820 4237 natura.

2438 1314 2525 1367 20.

2447 3106 2565 3162 vn.

2445 3175 2534 3229 21.
