3131 5032
1380 445 1463 517 19

429 662 488 726 si
536 661 887 729 interesse
930 663 1302 758 quippiam
1351 662 1710 735 tantulum
1763 663 1978 736 modo
2023 671 2371 764 potuerit,

422 781 560 848 iam
585 784 609 825 ¹
654 778 1013 849 amicitiae
1041 802 1309 849 nomen
1343 778 1717 869 occiderit,
1749 784 1952 852 cuius
1980 798 2085 854 est
2118 808 2202 856 ea
2231 788 2373 874 viS,

418 909 524 986 ut,
561 896 779 968 simul
809 910 1027 994 atque
1056 896 1195 968 sibi
1227 896 1497 995 aliquid
1527 897 1707 971 alter
1729 914 1758 952 2
1797 900 2157 992 maluerit,
2177 904 2376 977 nulla

413 1019 524 1087 sit.
592 1018 799 1106 Quae
829 1020 1436 1115 praemuniuntur
1465 1021 1709 1090 omnia
1740 1017 2020 1116 reliquo
2052 1030 2370 1105 sermoni

409 1133 1030 1235 disputationique
1047 1150 1336 1209 nostrae
1352 1189 1371 1227 ,
1398 1162 1550 1234 quo
1574 1135 1846 1211 facilius
1875 1143 1985 1212 ius
2011 1143 2087 1212 in
2110 1158 2366 1223 natura

408 1259 909 1375 &sepositum
941 1256 1241 1355 intelligi
1275 1260 1522 1355 possit.
1622 1263 1730 1331 De
1761 1285 1913 1357 quo
1940 1285 2168 1358 quum
2200 1287 2363 1362 per-

405 1400 636 1474 pauca
680 1375 962 1467 dixero,
1013 1389 1170 1448 tum
1210 1375 1302 1449 ad
1337 1381 1450 1449 ius
1488 1377 1692 1449 civile
1729 1382 2041 1471 veniam,
2090 1405 2179 1461 ex
2207 1407 2360 1479 quo

405 1494 584 1568 haec
619 1498 858 1568 omnis
889 1511 995 1568 est
1028 1510 1192 1568 nata
1218 1514 1243 1553 ⁸
1281 1500 1532 1569 oratio.

501 1617 590 1705 Q.
636 1621 741 1687 Tu
777 1640 950 1687 vero
987 1619 1129 1689 iam
1161 1639 1519 1714 perpauca
1544 1614 1840 1689 scilicet!
1912 1622 2015 1688 Ex
2046 1621 2132 1691 iis
2159 1622 2353 1700 enim
2431 1632 2570 1687 xm.

402 1757 590 1829 quae
618 1734 860 1806 dixisti
893 1737 1171 1807 Attice⁴
1211 1732 1526 1825 videtur,
1580 1734 1759 1806 mihi
1795 1735 2091 1833 quidem
2130 1752 2353 1829 certe,
2423 1702 2509 1755 35'

397 1875 483 1923 ex
538 1867 799 1926 natura
835 1866 1083 1924 ortum
1136 1877 1286 1925 esse
1333 1856 1466 1927 ius.
1565 1858 1709 1926 Att.
1781 1859 1891 1933 Au
1931 1855 2111 1929 mihi
2147 1857 2354 1929 aliter

393 1970 619 2045 videri
659 1976 920 2072 possit,
968 1998 1197 2070 quum
1234 1973 1413 2046 haec
1442 1976 1582 2046 iam
1617 1972 1934 2073 perfecta
1970 1978 2148 2064 sint,
2204 1981 2351 2075 pri-

392 2116 630 2183 mum,
679 2096 887 2190 quasi
931 2091 1352 2165 muneribus
1387 2092 1694 2166 deorum
1737 2118 1869 2167 nos
1902 2120 2055 2167 esse
2088 2099 2350 2169 instru-

389 2226 544 2284 ctos
574 2226 651 2283 et
684 2225 1014 2301 ornatos3
1066 2211 1385 2286 secundo
1423 2227 1665 2286 autem
1706 2213 1899 2303 loco,
1937 2240 2157 2288 unam
2194 2241 2349 2290 esse

385 2330 775 2401 hominum
816 2332 1007 2401 inter
1034 2332 1229 2428 ipsos
1260 2330 1545 2403 vivendi
1580 2356 1825 2431 parem
1857 2358 2350 2406 communem-

386 2475 536 2548 que
590 2454 983 2522 rationem:
1042 2448 1305 2523 deinde
1358 2474 1610 2524 omnes
1665 2455 1854 2527 inter
1904 2477 1978 2527 se
2005 2455 2339 2529 naturali

378 2570 696 2668 quadam
748 2568 1193 2667 indulgentia
1237 2584 1312 2643 et
1346 2571 1877 2664 benevolentia,
1928 2588 2085 2646 tum
2122 2578 2339 2647 etiam

383 2693 719 2762 societate
757 2691 935 2760 iuris
984 2690 1385 2763 contineri?
1481 2694 1683 2782 Quae
1715 2717 1945 2791 quum
1977 2719 2144 2767 vera
2183 2720 2337 2769 esse

384 2822 618 2901 recte,
665 2823 746 2881 ut
780 2807 1127 2900 arbitror,
1179 2814 1770 2901 concesserimuS,
1821 2816 1952 2908 qui
1987 2816 2129 2885 iam
2165 2812 2333 2886 licet

382 2926 602 2999 nobis
635 2953 678 3001 a
705 2942 957 3001 natura
986 2928 1178 3027 leges
1212 2940 1284 2999 et
1314 2931 1475 3000 iura
1505 2932 1903 3025 seiungere.
1963 2935 2059 3002 M.
2110 2937 2330 3005 Recte
2399 2943 2488 2996 86·

368 3047 578 3120 dicis:
617 3062 689 3122 et
721 3073 835 3120 res
867 3072 944 3120 se
976 3050 1079 3119 sic
1110 3045 1350 3120 habet.
1426 3051 1696 3120 Verum
1722 3047 2328 3150 philosophorum

369 3193 612 3260 more,
660 3194 814 3241 non
849 3183 1175 3242 veterum
1212 3168 1508 3266 quidem
1545 3168 1864 3260 illorum,
1905 3169 2029 3243 sed
2068 3196 2324 3245 eorum

365 3293 496 3387 qui
533 3291 740 3386 quasi
779 3287 1098 3361 officinas
1130 3292 1624 3361 instruxerunt
1661 3294 2082 3390 sapientiae,
2133 3317 2322 3389 quae

360 3407 520 3481 fuse
562 3408 740 3480 olim
775 3406 1332 3508 disputabantur
1366 3431 1452 3481 ac
1489 3408 1750 3499 libere,
1798 3434 1881 3486 ea
1922 3436 2120 3486 nunc
2150 3417 2319 3485 arti-

360 3528 657 3601 culatim
709 3527 1189 3625 distincteque
1230 3526 1594 3600 dicuntur.
1694 3531 1845 3602 Nec
1884 3534 2077 3602 enim
2113 3535 2313 3605 satis-

358 3646 517 3721 fieri
549 3662 851 3722 censent
880 3647 1053 3721 huic
1080 3647 1279 3738 loco,
1316 3651 1444 3758 qui
1472 3672 1672 3720 nunc
1706 3663 1812 3722 est
1846 3653 1919 3721 in
1951 3652 2313 3743 manibus,

358 3772 492 3840 nisi
526 3771 915 3867 separatim
946 3768 1089 3839 hoc
1122 3771 1395 3867 ipsum,
1446 3782 1745 3842 naturae
1783 3795 1933 3843 esse
1975 3774 2117 3860 iuS,
2168 3771 2311 3843 dis-

360 3892 702 3986 putarint.
792 3892 934 3959 Att.
982 3894 1069 3959 Et
1114 3888 1378 3961 scilicet
1415 3904 1539 3961 tua
1573 3889 1863 3965 libertas
1911 3890 2307 3965 disserendi

411 4158 425 4190 ⁸
461 4172 565 4205 om.
602 4154 726 4205 iam.
803 4155 825 4189 ²
864 4152 1057 4221 aliquid
1090 4173 1245 4222 quam
1278 4155 1443 4207 alteri.
1518 4158 1538 4193 ²
1579 4166 1691 4206 nata
1722 4166 1814 4207 est.
1888 4159 1908 4195 ⁴
1951 4158 2135 4209 Auioo.

1973 4278 2002 4312 ·)
