3131 5032
772 470 902 537 372
1453 462 1593 527 Lm.
1640 461 1702 544 1,
1760 461 1874 543 12,
1920 461 2028 526 33.

767 680 838 740 Ν.
875 677 941 738 V.
985 675 1037 737 1.
1071 695 1132 754 p.
1164 673 1272 736 26:
1316 680 1378 731 et
1411 671 1497 731 sic
1523 667 1944 749 accipiendum
1985 664 2387 726 multitudinis
2426 665 2731 727 iudicium

770 783 840 842 dc
891 781 1062 840 honis
1076 824 1099 856 ,
1151 797 1230 837 sc.
1281 774 1613 836 honoribus
1672 769 2028 833 mandandis
2084 768 2499 849 similibusque
2550 770 2730 831 sactis

768 891 1068 958 constans,
1124 881 1190 940 in
1236 879 1402 939 Tusc.
1453 876 1518 955 1,
1567 876 1682 951 46,
1728 874 1873 935 110:
1915 882 1976 933 et
2008 871 2436 950 corrigendum
2479 872 2726 934 videtur

766 987 844 1047 ad
880 987 1010 1046 niv.
1047 983 1156 1043 vll
1176 1030 1193 1059 ,
1234 983 1310 1058 6,
1357 981 1424 1056 1,
1467 1001 1603 1040 cum
1627 979 1829 1056 aliquo
1857 978 2090 1058 insigni
2121 977 2351 1035 iudicio
2387 997 2547 1037 meas
2580 999 2723 1059 erga

769 1103 823 1151 te
863 1087 1320 1158 benevolentiae,
1359 1102 1470 1161 pro
1507 1082 1758 1139 indicio.

853 1203 908 1251 et
937 1189 1205 1249 onnnilms
1239 1183 1416 1265 ratio)
1452 1184 1546 1243 Sic
1576 1202 1779 1244 omnes
1793 1179 2004 1242 Codd.:
2024 1190 2231 1244 contra
2245 1182 2425 1243 Editt.
2444 1193 2507 1242 at
2531 1185 2713 1243 omni·

769 1297 878 1355 bus
936 1293 1120 1366 ratio,
1171 1308 1328 1369 quae
1389 1286 1685 1366 particula
1743 1285 2048 1344 sollemnis
2097 1294 2184 1345 est
2239 1286 2305 1346 in
2359 1288 2717 1347 assumtione

768 1395 1111 1477 syllogismi.
1190 1392 1264 1451 In
1298 1397 1464 1450 tanta
1499 1397 1700 1448 tamen
1737 1386 1918 1447 Codd.
1956 1390 2284 1450 constantia
2318 1390 2434 1450 hoc
2476 1389 2717 1450 sortasse

767 1496 1181 1571 statuendum,
1239 1505 1296 1553 st
1345 1491 1558 1553 eodem
1601 1490 1781 1552 modo
1812 1510 1978 1569 posse
2012 1491 2191 1570 poni,
2231 1512 2424 1570 quum
2456 1512 2717 1571 praoeer.

765 1604 875 1664 tim
927 1602 995 1661 in
1046 1596 1524 1679 argumentando
1581 1614 1828 1675 quoque
1875 1595 2231 1655 sententiam
2290 1595 2717 1658 adversativam

764 1713 970 1767 nectat
1005 1723 1076 1764 ea
1103 1697 1416 1782 'particula
1433 1745 1452 1776 ,
1493 1698 1658 1758 unde
1702 1709 1759 1758 et
1790 1717 2248 1778 nonnumquam
2283 1700 2576 1780 accipitur
2605 1720 2716 1779 pro

765 1812 935 1891 atqui
952 1854 971 1886 ,
1012 1815 1075 1868 et
1107 1818 1163 1866 et
1184 1807 1424 1886 potius,
1465 1823 1577 1882 pro
1607 1802 1711 1862 sed
1729 1803 1961 1882 potius,
1995 1802 2365 1882 similiaque,
2393 1802 2472 1864 de
2497 1805 2716 1883 quibus

762 1913 1069 1994 praecepit
1100 1907 1364 1976 Handius
1400 1905 1649 1965 Tursell.
1686 1905 1766 1965 11.
1803 1924 1863 1983 p.
1902 1903 2040 1964 494.
2072 1924 2200 1984 sqq.

839 2026 1099 2093 motoque
1135 2013 1404 2071 Socrates
1427 2041 1509 2053 -
1531 2008 1600 2066 de
1627 2009 1903 2069 amicitia
1928 2005 2112 2087 locus)
2193 2008 2422 2088 Operae
2450 2009 2713 2089 pretium

759 2138 861 2180 me
906 2117 1210 2176 facturum
1256 2131 1381 2172 non
1429 2118 1614 2190 puto,
1674 2110 1722 2168 si
1773 2109 2036 2188 singulas
2080 2111 2350 2172 virorum
2399 2111 2714 2172 doctorum

760 2218 1170 2283 annotationes
1185 2263 1204 2293 ,
1231 2234 1388 2295 quae
1422 2212 1501 2272 ad
1535 2213 1704 2271 hunc
1726 2212 1930 2273 locum
1959 2213 2333 2290 reseruntur,
2375 2216 2679 2294 explorem
2694 2237 2713 2274 =

757 2331 967 2385 contra
1013 2320 1211 2379 statim
1261 2315 1572 2396 explicabo
1612 2313 1763 2395 quid
1807 2317 2058 2376 sentiam
2076 2362 2095 2393 ,
2133 2336 2356 2396 nempe
2393 2327 2584 2380 totum
2619 2318 2709 2377 in·

757 2427 1121 2507 terpolatum
1162 2442 1283 2482 esse
1299 2466 1318 2498 ,
1359 2428 1463 2479 aut
1503 2419 1703 2499 potius
1737 2417 2015 2498 pluribus
2055 2421 2353 2480 contineri
2395 2422 2588 2502 iisque
2621 2420 2710 2480 di-

755 2530 941 2594 versis
990 2523 1572 2606 interpolationibus.
1654 2523 1784 2597 Quo
1835 2523 2037 2583 minus
2081 2525 2245 2583 enim
2283 2544 2395 2604 pro
2429 2525 2714 2586 Tullianis

753 2635 1095 2695 habeantur
1149 2630 1418 2711 primum
1465 2627 1654 2687 obstat
1702 2626 1881 2685 series
1926 2625 2375 2706 disputationis,
2430 2637 2556 2689 tum
2595 2630 2715 2688 sin·

755 2737 901 2817 gula
933 2732 1231 2815 quaedam
1263 2751 1298 2792 a
1332 2730 1632 2791 Ciceronis
1665 2729 2099 2791 consuetudine
2141 2739 2202 2791 et
2237 2730 2465 2793 iudicio
2495 2732 2712 2794 aliena.

756 2840 842 2901 De
892 2847 1153 2917 utroque
1203 2836 1554 2915 singillatim
1602 2834 1819 2894 dicam.
1901 2834 1974 2894 Et
2020 2836 2295 2897 universe
2326 2837 2579 2917 quidem
2611 2839 2713 2898 vix

758 2964 908 3023 opus
951 2951 1037 3003 est
1085 2960 1364 3015 monere,
1421 2939 1489 2998 in
1544 2945 1667 2997 tota
1715 2936 1901 2996 huius
1937 2939 2280 3016 argumenti
2314 2939 2714 3020 disputatione

759 3047 903 3107 inde
954 3066 989 3106 a
1019 3043 1161 3123 Cap.
1201 3044 1242 3105 7
1260 3089 1280 3119 ,
1337 3061 1598 3121 pressam
1652 3060 1776 3100 esse
1828 3038 2158 3100 disserendi
2208 3042 2466 3104 sormam
2484 3091 2503 3121 ‚
2559 3064 2713 3124 quae

757 3169 933 3229 saepe
968 3155 1197 3207 constet
1228 3145 1564 3206 rationibus
1590 3143 1915 3217 conclusis,
1945 3143 2280 3206 Stoicorum
2313 3167 2511 3225 more,
2536 3168 2715 3227 parce

757 3252 1043 3314 adsciscat
1070 3249 1485 3328 exemplorum
1518 3246 1924 3323 mentionem,
1959 3268 2292 3328 numquam
2322 3250 2574 3311 aliorum
2608 3271 2715 3311 au-

758 3356 1097 3417 ctoritatem
1150 3352 1470 3432 significet,
1522 3350 1840 3429 multoque
1890 3350 2091 3410 minus
2147 3354 2502 3433 cuiusquam
2552 3352 2713 3414 dicta

759 3463 1205 3521 commemoret.
1284 3454 1482 3535 Ipsam
1515 3460 1711 3513 autem
1743 3453 1958 3513 seriem
2001 3455 2461 3534 argumentandi
2492 3456 2541 3514 si
2572 3476 2716 3519 con-

756 3561 1085 3621 sideramus
1102 3604 1121 3633 ,
1162 3578 1286 3637 quo
1329 3556 1509 3617 modo
1527 3602 1544 3632 ‚
1600 3576 1854 3636 quaeso,
1896 3557 2007 3616 ista
2039 3576 2196 3636 quae
2234 3567 2602 3639 sequuntur,
2643 3577 2716 3619 ex

763 3685 877 3746 quo
902 3662 1266 3743 perspicitur
1295 3669 1410 3721 cet.
1426 3707 1443 3736 ‚
1494 3659 1710 3720 referri
1736 3665 2021 3739 poterunt
2054 3660 2149 3719 vel
2186 3660 2264 3720 ad
2295 3661 2549 3723 Socratis
2572 3680 2714 3741 que-

759 3767 946 3828 relam
968 3811 985 3841 ‚
1046 3763 1146 3823 vel
1205 3762 1281 3824 ad
1347 3763 1712 3844 Pythagorae
1767 3762 1936 3822 illam
1990 3781 2201 3823 vocem
2217 3811 2236 3841 ,
2295 3783 2714 3844 quaecumque

762 3869 1006 3932 tandem
1049 3869 1158 3928 illa
1210 3867 1434 3929 suerit?
1493 3867 1854 3928 Definiverat
1904 3865 2082 3926 initio
2130 3865 2349 3946 Capitis
2382 3889 2503 3947 qua
2537 3868 2616 3930 de
2646 3887 2715 3927 re

761 3975 1037 4036 dicturus
1065 3981 1214 4033 esset
1236 3970 1339 4054 (ad
1352 3970 1842 4052 participandum
1874 4002 1937 4016 —
1953 3991 2060 4030 nos
2082 3982 2297 4031 natura
2318 3994 2439 4032 esse
2451 3967 2714 4051 factam)

761 4085 895 4136 tum
925 4081 1247 4148 memorat,
1278 4081 1494 4133 natura
1521 4071 1774 4153 quidem
1799 4071 1916 4132 hoc
1946 4072 2387 4150 commendari,
2426 4073 2531 4134 sed
2556 4073 2714 4134 mala

758 4176 1193 4239 consuetudine
1216 4175 1560 4254 corrumpi,
1594 4184 1684 4251 et,
1717 4175 1767 4234 si
1796 4175 2231 4238 consuetudine
2257 4175 2415 4236 illud
2444 4175 2715 4237 homines
