3131 5032
1685 453 1780 521 58

595 674 683 726 88·
851 669 996 736 lam
1015 662 1180 734 ludi
1209 662 1522 762 publici,
1557 665 1904 759 quoniam
1933 674 2101 732 sunt
2130 684 2340 734 cavea
2367 666 2711 761 circoque

750 783 987 873 divisi,
1038 787 1183 855 sint
1216 806 1606 883 corporum
1646 785 2075 853 certationes
2100 800 2123 838 1
2169 805 2389 852 cursu
2423 796 2497 854 et
2522 795 2549 834 ²
2587 809 2711 882 pu·

751 903 1091 1002 gilatione
1117 903 1506 976 luctatione
1537 900 2060 998 curriculisque
2087 924 2449 997 equorum
2477 927 2708 999 usque

750 1022 842 1096 ad
865 1037 1134 1095 certam
1153 1027 1527 1095 victoriam
1559 1025 1756 1094 circo
1780 1024 2189 1092 constitutis
2210 1045 2420 1093 cavea
2445 1036 2659 1095 cantu
2676 1031 2704 1070 ⁸

749 1168 926 1215 voce
957 1169 1042 1215 ac
1076 1142 1345 1215 fidibus
1382 1157 1453 1214 et
1493 1140 1724 1231 tibiis;
1777 1140 2174 1218 dummodo
2214 1165 2295 1213 ea
2340 1140 2705 1215 moderata

749 1266 892 1333 sint
908 1316 928 1353 ,
949 1278 1032 1334 ut
1055 1263 1212 1359 lege
1231 1261 1770 1361 praescribitur.
1801 1263 2171 1332 Assentior
2192 1263 2383 1332 enim
2406 1260 2710 1352 Platoni,

750 1382 933 1452 nihil
960 1396 1105 1454 tam
1131 1380 1336 1455 facile
1358 1385 1433 1451 in
1457 1384 1734 1452 animos
1762 1393 2050 1451 teneros
2081 1393 2300 1476 atque
2329 1379 2580 1452 molles
2604 1382 2709 1452 in'·

750 1500 977 1573 fluere
1001 1526 1221 1599 quam
1242 1503 1474 1573 varios
1500 1499 1804 1572 canendi
1833 1523 2073 1589 sonos,
2094 1523 2411 1596 quorum
2431 1498 2572 1571 dici
2592 1503 2707 1570 vix

752 1635 992 1718 potest
1022 1634 1292 1717 quanta
1321 1623 1413 1691 sit
1444 1622 1551 1691 vis
1585 1623 1661 1689 in
1702 1633 2086 1714 utramque
2125 1632 2425 1717 partem.
2489 1623 2703 1693 Nam-

750 1762 899 1835 que
919 1754 993 1811 et
1017 1743 1265 1811 incitat
1292 1738 1747 1837 languentes,
1776 1751 1847 1808 et
1879 1735 2304 1835 languefacit
2328 1741 2705 1827 excitato&

748 1874 822 1930 et
848 1874 1003 1930 tum
1033 1863 1333 1932 remittit
1356 1862 1667 1947 animoS,
1697 1871 1854 1927 tum
1885 1854 2244 1928 contrahit
2252 1883 2276 1946 3
2311 1860 2707 1931 civitatum-

749 2002 897 2075 que
927 1978 1070 2049 hoc
1103 1978 1493 2049 multarum
1525 1981 1601 2047 in
1635 1979 1932 2048 Graecia
1969 1974 2294 2047 interfuit
2324 1979 2705 2073 antiquum

747 2122 1010 2168 vocum
1054 2120 1475 2170 conservare
1514 2094 1853 2167 modum:
1904 2119 2215 2191 quarum
2253 2119 2491 2167 mores
2525 2096 2703 2196 lapsi

745 2216 835 2290 ad
866 2217 1238 2289 mollitiem
1264 2219 1535 2316 pariter
1561 2229 1733 2287 sunt
1755 2218 2115 2285 immutati
2143 2239 2312 2286 cum
2340 2215 2700 2307 cantibus,

744 2350 870 2409 aut
930 2336 1065 2409 hac
1117 2335 1499 2408 dulcedine
1549 2333 2104 2433 corruptelaque
2157 2333 2556 2434 depravati,
2617 2349 2701 2407 ut

740 2457 1041 2554 quidam
1091 2469 1386 2556 putant,
1434 2469 1597 2544 aut,
1646 2478 1879 2552 quum
1928 2458 2265 2527 severitas
2310 2478 2564 2527 eorum
2601 2453 2700 2527 ob

743 2577 879 2650 alia
922 2582 1091 2650 vitia
1140 2576 1541 2666 cecidisset,
1593 2589 1751 2647 tum
1793 2573 1930 2646 fuit
1967 2578 2043 2646 in
2081 2576 2379 2648 auribus
2407 2580 2697 2650 animis-

581 2713 671 2766 39.
740 2723 886 2795 que
909 2712 938 2752 ⁴
976 2701 1270 2769 mutatis
1299 2700 1516 2768 etiam
1544 2695 1719 2766 huic
1744 2698 2127 2767 mutationi
2150 2695 2372 2767 locus·
2445 2699 2701 2787 Quam·

739 2819 995 2891 obrem
1063 2819 1179 2890 ille
1236 2816 1533 2913 quidem
1587 2819 2150 2914 sapientissimus
2205 2819 2543 2889 Graeciae
2598 2820 2707 2887 vir

735 2939 1096 3039 longeque
1142 2937 1601 3009 doctissimus
1643 2935 1846 3008 valde
1885 2934 2075 3008 hanc
2111 2933 2347 3007 labem
2382 2950 2691 3008 veretur.

733 3064 963 3159 Negat
1001 3062 1194 3131 enim
1228 3059 1491 3128 mutari
1529 3078 1741 3153 posse
1782 3057 2084 3126 musicas
2118 3052 2308 3152 leges
2343 3057 2493 3127 sine
2533 3078 2691 3127 mu-

732 3181 1007 3250 tatione
1033 3187 1058 3223 ⁸
1099 3174 1340 3270 legum
1374 3170 1853 3270 publicarum.
1934 3177 2085 3270 Ego
2105 3188 2349 3244 autem
2377 3197 2511 3244 nec
2541 3187 2690 3246 tam

728 3295 932 3368 valde
981 3293 1056 3364 id
1112 3292 1553 3377 timendum,
1616 3316 1752 3362 nec
1806 3290 2019 3390 plane
2076 3293 2690 3366 contemnendum

731 3430 934 3516 puto.
1031 3412 1155 3484 'Illa
1187 3411 1486 3508 quidem
1513 3435 1700 3507 quae
1733 3411 2061 3484 solebant
2092 3412 2460 3509 quondam
2494 3438 2690 3486 com-

730 3538 913 3638 pleri
983 3538 1355 3607 severitate
1428 3531 1744 3604 iucunda
1807 3536 2116 3605 Livianis
2179 3546 2253 3604 et
2315 3536 2688 3605 Naevianis

734 3656 991 3747 modiS,
1042 3678 1240 3726 nunc
1296 3666 1379 3722 ut
1436 3651 1688 3723 eadem
1746 3651 2132 3741 exsultent,
2179 3667 2264 3723 ut
2321 3655 2630 3724 cervices
2654 3669 2683 3707 ⁶

733 3777 1126 3873 oculosque
1158 3776 1423 3873 pariter
1460 3796 1626 3844 cum
1660 3772 2044 3846 modorum
2079 3770 2512 3845 flexionibus
2540 3786 2688 3846 tor-

789 4089 805 4121 ¹
843 4085 1139 4135 certatione.
1220 4085 1245 4122 ²
1287 4080 1424 4155 [etJ.
1509 4086 1533 4123 ⁸
1568 4085 1867 4137 constituti:
1916 4102 2100 4140 caveae
2148 4096 2345 4138 cantus.
2430 4088 2452 4125 ἱ
2486 4084 2698 4137 animis.

720 4175 741 4208 ὁ
779 4168 1157 4220 immutatione.
1228 4172 1251 4208 ⁶
1290 4169 1577 4222 exsultant!
1611 4170 1855 4221 cervice».
