<?xml version="1.0" encoding="UTF-8"?>
<!DOCTYPE html PUBLIC "-//W3C//DTD XHTML 1.0 Transitional//EN"
    "http://www.w3.org/TR/xhtml1/DTD/xhtml1-transitional.dtd">
<html xmlns="http://www.w3.org/1999/xhtml" xml:lang="en" lang="en">
 <head>
  <title>
</title>
<meta http-equiv="Content-Type" content="text/html;charset=utf-8" />
  <meta name='ocr-system' content='tesseract 3.04.00' />
  <meta name='ocr-capabilities' content='ocr_page ocr_carea ocr_par ocr_line ocrx_word'/>
</head>
<body>
  <div class='ocr_page' id='page_1' title='image "./mtulliiciceroni02bakegoog_0487.png"; bbox 0 0 3131 5032; ppageno 0'>
   <div class='ocr_carea' id='block_1_1' title="bbox 781 439 2035 532">
    <p class='ocr_par' dir='ltr' id='par_1_1' title="bbox 781 439 2035 532">
     <span class='ocr_line' id='line_1_1' title="bbox 781 439 2035 532; baseline -0.01 -11"><span class='ocrx_word' id='word_1_1' title='bbox 781 456 910 523; x_wconf 71' lang='lat'><strong>420</strong></span> <span class='ocrx_word' id='word_1_2' title='bbox 1453 444 1598 514; x_wconf 77' lang='lat' dir='ltr'><strong>Lm.</strong></span> <span class='ocrx_word' id='word_1_3' title='bbox 1630 439 1673 511; x_wconf 76' lang='lat'><strong>&#39;1</strong></span> <span class='ocrx_word' id='word_1_4' title='bbox 1692 494 1715 530; x_wconf 89' lang='lat'><strong>,</strong></span> <span class='ocrx_word' id='word_1_5' title='bbox 1770 447 1883 532; x_wconf 85' lang='lat'><strong>19,</strong></span> <span class='ocrx_word' id='word_1_6' title='bbox 1924 448 2035 514; x_wconf 77' lang='lat'><strong>50.</strong></span> 
     </span>
    </p>
   </div>
   <div class='ocr_carea' id='block_1_2' title="bbox 770 640 2778 4231">
    <p class='ocr_par' dir='ltr' id='par_1_2' title="bbox 770 640 2778 4231">
     <span class='ocr_line' id='line_1_2' title="bbox 773 640 2737 739; baseline -0.007 -20"><span class='ocrx_word' id='word_1_7' title='bbox 773 679 884 738; x_wconf 89' lang='lat' dir='ltr'><strong>pro</strong></span> <span class='ocrx_word' id='word_1_8' title='bbox 904 655 1122 739; x_wconf 76' lang='lat' dir='ltr'><strong>pudet,</strong></span> <span class='ocrx_word' id='word_1_9' title='bbox 1160 649 1352 735; x_wconf 89' lang='lat' dir='ltr'><strong>(quod</strong></span> <span class='ocrx_word' id='word_1_10' title='bbox 1380 650 1503 710; x_wconf 90' lang='lat' dir='ltr'><strong>mei</strong></span> <span class='ocrx_word' id='word_1_11' title='bbox 1542 667 1788 730; x_wconf 84' lang='lat' dir='ltr'><strong>quoque</strong></span> <span class='ocrx_word' id='word_1_12' title='bbox 1832 646 2045 726; x_wconf 89' lang='lat' dir='ltr'><strong>optimi</strong></span> <span class='ocrx_word' id='word_1_13' title='bbox 2075 643 2218 705; x_wconf 84' lang='lat' dir='ltr'><strong>libri</strong></span> <span class='ocrx_word' id='word_1_14' title='bbox 2248 650 2487 706; x_wconf 76' lang='lat' dir='ltr'><strong>servant</strong></span> <span class='ocrx_word' id='word_1_15' title='bbox 2503 642 2552 724; x_wconf 84' lang='lat'><strong>,)</strong></span> <span class='ocrx_word' id='word_1_16' title='bbox 2583 640 2737 706; x_wconf 73' lang='lat' dir='ltr'><strong>reii-</strong></span> 
     </span>
     <span class='ocr_line' id='line_1_3' title="bbox 776 747 2744 829; baseline -0.009 -6"><span class='ocrx_word' id='word_1_17' title='bbox 776 761 1064 823; x_wconf 78' lang='lat' dir='ltr'><strong>ciendum</strong></span> <span class='ocrx_word' id='word_1_18' title='bbox 1092 776 1245 818; x_wconf 71' lang='lat' dir='ltr'><strong>esse:</strong></span> <span class='ocrx_word' id='word_1_19' title='bbox 1277 763 1478 815; x_wconf 91' lang='lat' dir='ltr'><strong>ortum</strong></span> <span class='ocrx_word' id='word_1_20' title='bbox 1510 762 1599 813; x_wconf 83' lang='lat' dir='ltr'><strong>est</strong></span> <span class='ocrx_word' id='word_1_21' title='bbox 1626 753 1701 812; x_wconf 87' lang='lat' dir='ltr'><strong>ab</strong></span> <span class='ocrx_word' id='word_1_22' title='bbox 1725 752 1824 828; x_wconf 82' lang='lat' dir='ltr'><strong>iis,</strong></span> <span class='ocrx_word' id='word_1_23' title='bbox 1865 751 1974 829; x_wconf 86' lang='lat' dir='ltr'><strong>qui</strong></span> <span class='ocrx_word' id='word_1_24' title='bbox 2000 748 2357 828; x_wconf 75' lang='lat' dir='ltr'><strong>ignorabant</strong></span> <span class='ocrx_word' id='word_1_25' title='bbox 2383 747 2744 807; x_wconf 82' lang='lat' dir='ltr'><strong>subiectum</strong></span> 
     </span>
     <span class='ocr_line' id='line_1_4' title="bbox 777 851 2739 936; baseline -0.009 -10"><span class='ocrx_word' id='word_1_26' title='bbox 777 867 856 926; x_wconf 88' lang='lat' dir='ltr'><strong>de</strong></span> <span class='ocrx_word' id='word_1_27' title='bbox 886 883 1054 923; x_wconf 90' lang='lat' dir='ltr'><strong>more</strong></span> <span class='ocrx_word' id='word_1_28' title='bbox 1088 857 1551 936; x_wconf 78' lang='lat' dir='ltr'><strong>intelligendum</strong></span> <span class='ocrx_word' id='word_1_29' title='bbox 1586 874 1735 914; x_wconf 80' lang='lat' dir='ltr'><strong>esse:</strong></span> <span class='ocrx_word' id='word_1_30' title='bbox 1779 860 1959 931; x_wconf 88' lang='lat' dir='ltr'><strong>atque</strong></span> <span class='ocrx_word' id='word_1_31' title='bbox 1989 853 2103 910; x_wconf 87' lang='lat' dir='ltr'><strong>hac</strong></span> <span class='ocrx_word' id='word_1_32' title='bbox 2129 851 2316 909; x_wconf 78' lang='lat' dir='ltr'><strong>semel</strong></span> <span class='ocrx_word' id='word_1_33' title='bbox 2339 851 2739 926; x_wconf 74' lang='lat' dir='ltr'>corruptione</span> 
     </span>
     <span class='ocr_line' id='line_1_5' title="bbox 775 950 2738 1043; baseline -0.009 -15"><span class='ocrx_word' id='word_1_34' title='bbox 775 969 944 1028; x_wconf 88' lang='lat' dir='ltr'><strong>illata</strong></span> <span class='ocrx_word' id='word_1_35' title='bbox 962 1012 980 1043; x_wconf 89' lang='lat'><em>,</em></span> <span class='ocrx_word' id='word_1_36' title='bbox 1038 965 1142 1024; x_wconf 85' lang='lat' dir='ltr'><strong>alii</strong></span> <span class='ocrx_word' id='word_1_37' title='bbox 1193 962 1325 1022; x_wconf 76' lang='lat' dir='ltr'><strong>aliis</strong></span> <span class='ocrx_word' id='word_1_38' title='bbox 1376 959 1639 1037; x_wconf 85' lang='lat' dir='ltr'><strong>ineptius</strong></span> <span class='ocrx_word' id='word_1_39' title='bbox 1696 956 1902 1015; x_wconf 90' lang='lat' dir='ltr'><strong>locum</strong></span> <span class='ocrx_word' id='word_1_40' title='bbox 1952 954 2253 1031; x_wconf 78' lang='lat' dir='ltr'><strong>integrum</strong></span> <span class='ocrx_word' id='word_1_41' title='bbox 2303 950 2738 1011; x_wconf 76' lang='lat' dir='ltr'><strong>reformarunt.</strong></span> 
     </span>
     <span class='ocr_line' id='line_1_6' title="bbox 779 1052 2740 1146; baseline -0.009 -14"><span class='ocrx_word' id='word_1_42' title='bbox 779 1071 895 1132; x_wconf 86' lang='lat' dir='ltr'><strong>Sed</strong></span> <span class='ocrx_word' id='word_1_43' title='bbox 940 1072 1063 1128; x_wconf 80' lang='lat' dir='ltr'><strong>iam</strong></span> <span class='ocrx_word' id='word_1_44' title='bbox 1078 1114 1098 1146; x_wconf 90' lang='lat'><em>,</em></span> <span class='ocrx_word' id='word_1_45' title='bbox 1148 1086 1260 1145; x_wconf 90' lang='lat' dir='ltr'><strong>pro</strong></span> <span class='ocrx_word' id='word_1_46' title='bbox 1301 1066 1480 1124; x_wconf 74' lang='lat' dir='ltr'><strong>etiam</strong></span> <span class='ocrx_word' id='word_1_47' title='bbox 1496 1107 1516 1138; x_wconf 89' lang='lat'><em>‚</em></span> <span class='ocrx_word' id='word_1_48' title='bbox 1563 1080 1688 1120; x_wconf 88' lang='lat' dir='ltr'><strong>non</strong></span> <span class='ocrx_word' id='word_1_49' title='bbox 1721 1058 1836 1117; x_wconf 83' lang='lat' dir='ltr'><strong>nisi</strong></span> <span class='ocrx_word' id='word_1_50' title='bbox 1869 1056 1991 1116; x_wconf 89' lang='lat' dir='ltr'><strong>duo</strong></span> <span class='ocrx_word' id='word_1_51' title='bbox 2025 1053 2419 1115; x_wconf 76' lang='lat' dir='ltr'><strong>recentissimi</strong></span> <span class='ocrx_word' id='word_1_52' title='bbox 2450 1052 2599 1112; x_wconf 85' lang='lat' dir='ltr'><strong>libri</strong></span> <span class='ocrx_word' id='word_1_53' title='bbox 2632 1053 2740 1115; x_wconf 81' lang='lat' dir='ltr'><strong>ha·</strong></span> 
     </span>
     <span class='ocr_line' id='line_1_7' title="bbox 778 1154 2745 1250; baseline -0.011 -15"><span class='ocrx_word' id='word_1_54' title='bbox 778 1176 929 1235; x_wconf 88' lang='lat' dir='ltr'><strong>bent</strong></span> <span class='ocrx_word' id='word_1_55' title='bbox 972 1174 1211 1250; x_wconf 81' lang='lat' dir='ltr'><strong>Lagom.</strong></span> <span class='ocrx_word' id='word_1_56' title='bbox 1260 1167 1353 1228; x_wconf 92' lang='grc'><strong>10.</strong></span> <span class='ocrx_word' id='word_1_57' title='bbox 1395 1164 1495 1226; x_wconf 84' lang='grc'><strong>39.</strong></span> <span class='ocrx_word' id='word_1_58' title='bbox 1585 1164 1636 1222; x_wconf 85' lang='lat' dir='ltr'>N</span> <span class='ocrx_word' id='word_1_59' title='bbox 1641 1180 1761 1221; x_wconf 89' lang='lat' dir='ltr'><strong>unc</strong></span> <span class='ocrx_word' id='word_1_60' title='bbox 1796 1159 2108 1220; x_wconf 78' lang='lat' dir='ltr'><strong>videamus</strong></span> <span class='ocrx_word' id='word_1_61' title='bbox 2136 1154 2565 1217; x_wconf 74' lang='lat' dir='ltr'><strong>accusationes.</strong></span> <span class='ocrx_word' id='word_1_62' title='bbox 2634 1154 2745 1214; x_wconf 86' lang='lat' dir='ltr'><strong>Te·</strong></span> 
     </span>
     <span class='ocr_line' id='line_1_8' title="bbox 782 1255 2746 1350; baseline -0.011 -14"><span class='ocrx_word' id='word_1_63' title='bbox 782 1275 1012 1350; x_wconf 80' lang='lat' dir='ltr'><strong>uellus,</strong></span> <span class='ocrx_word' id='word_1_64' title='bbox 1074 1279 1143 1332; x_wconf 90' lang='lat' dir='ltr'><strong>ut</strong></span> <span class='ocrx_word' id='word_1_65' title='bbox 1188 1268 1274 1329; x_wconf 89' lang='lat' dir='ltr'><strong>ait</strong></span> <span class='ocrx_word' id='word_1_66' title='bbox 1324 1267 1432 1341; x_wconf 64' lang='lat' dir='ltr'><strong>M„</strong></span> <span class='ocrx_word' id='word_1_67' title='bbox 1487 1262 1688 1344; x_wconf 89' lang='lat' dir='ltr'><strong>pudor</strong></span> <span class='ocrx_word' id='word_1_68' title='bbox 1738 1261 1874 1337; x_wconf 90' lang='lat' dir='ltr'><strong>ille,</strong></span> <span class='ocrx_word' id='word_1_69' title='bbox 1929 1279 2096 1320; x_wconf 88' lang='lat' dir='ltr'><strong>nunc</strong></span> <span class='ocrx_word' id='word_1_70' title='bbox 2144 1279 2270 1320; x_wconf 88' lang='lat' dir='ltr'><strong>nou</strong></span> <span class='ocrx_word' id='word_1_71' title='bbox 2319 1255 2746 1338; x_wconf 84' lang='lat' dir='ltr'><strong>quaerendum</strong></span> 
     </span>
     <span class='ocr_line' id='line_1_9' title="bbox 783 1362 2746 1451; baseline -0.009 -13"><span class='ocrx_word' id='word_1_72' title='bbox 783 1386 993 1438; x_wconf 86' lang='lat' dir='ltr'><strong>utrum</strong></span> <span class='ocrx_word' id='word_1_73' title='bbox 1045 1371 1278 1451; x_wconf 82' lang='lat' dir='ltr'><strong>ingenii</strong></span> <span class='ocrx_word' id='word_1_74' title='bbox 1326 1368 1582 1431; x_wconf 87' lang='lat' dir='ltr'><strong>Romani</strong></span> <span class='ocrx_word' id='word_1_75' title='bbox 1630 1367 1706 1425; x_wconf 78' lang='lat' dir='ltr'><strong>sit</strong></span> <span class='ocrx_word' id='word_1_76' title='bbox 1721 1412 1740 1441; x_wconf 91' lang='lat'><em>,</em></span> <span class='ocrx_word' id='word_1_77' title='bbox 1796 1363 1903 1425; x_wconf 79' lang='lat' dir='ltr'><strong>sed</strong></span> <span class='ocrx_word' id='word_1_78' title='bbox 1957 1383 2036 1423; x_wconf 91' lang='lat' dir='ltr'><strong>an</strong></span> <span class='ocrx_word' id='word_1_79' title='bbox 2079 1362 2330 1425; x_wconf 89' lang='lat' dir='ltr'><strong>omnino</strong></span> <span class='ocrx_word' id='word_1_80' title='bbox 2371 1379 2555 1424; x_wconf 78' lang='lat' dir='ltr'><strong>verua</strong></span> <span class='ocrx_word' id='word_1_81' title='bbox 2597 1366 2670 1428; x_wconf 72' lang='lat' dir='ltr'><strong>et</strong></span> <span class='ocrx_word' id='word_1_82' title='bbox 2699 1376 2746 1426; x_wconf 74' lang='lat' dir='ltr'><strong>a</strong></span> 
     </span>
     <span class='ocr_line' id='line_1_10' title="bbox 781 1455 2747 1555; baseline -0.01 -15"><span class='ocrx_word' id='word_1_83' title='bbox 781 1489 999 1540; x_wconf 86' lang='lat' dir='ltr'><strong>natura</strong></span> <span class='ocrx_word' id='word_1_84' title='bbox 1048 1474 1351 1555; x_wconf 80' lang='lat' dir='ltr'><strong>profectus</strong></span> <span class='ocrx_word' id='word_1_85' title='bbox 1359 1517 1378 1549; x_wconf 89' lang='lat'><em>‚</em></span> <span class='ocrx_word' id='word_1_86' title='bbox 1432 1479 1567 1532; x_wconf 89' lang='lat' dir='ltr'><strong>tum</strong></span> <span class='ocrx_word' id='word_1_87' title='bbox 1618 1469 1799 1529; x_wconf 86' lang='lat' dir='ltr'><strong>etiam</strong></span> <span class='ocrx_word' id='word_1_88' title='bbox 1851 1487 1930 1527; x_wconf 84' lang='lat' dir='ltr'><strong>an</strong></span> <span class='ocrx_word' id='word_1_89' title='bbox 1964 1486 2036 1527; x_wconf 89' lang='lat' dir='ltr'><strong>ea</strong></span> <span class='ocrx_word' id='word_1_90' title='bbox 2066 1463 2560 1526; x_wconf 71' lang='lat' dir='ltr'><strong>commemoratio</strong></span> <span class='ocrx_word' id='word_1_91' title='bbox 2573 1455 2747 1528; x_wconf 58' lang='lat' dir='ltr'><strong>“affin</strong></span> 
     </span>
     <span class='ocr_line' id='line_1_11' title="bbox 780 1543 2746 1660; baseline -0.01 -17"><span class='ocrx_word' id='word_1_92' title='bbox 780 1577 1171 1660; x_wconf 79' lang='lat' dir='ltr'><strong>disputationi</strong></span> <span class='ocrx_word' id='word_1_93' title='bbox 1223 1583 1363 1656; x_wconf 89' lang='lat' dir='ltr'><strong>apta</strong></span> <span class='ocrx_word' id='word_1_94' title='bbox 1413 1573 1507 1634; x_wconf 78' lang='lat' dir='ltr'><strong>sit.</strong></span> <span class='ocrx_word' id='word_1_95' title='bbox 1587 1571 1713 1633; x_wconf 77' lang='lat' dir='ltr'><strong>Nisi</strong></span> <span class='ocrx_word' id='word_1_96' title='bbox 1753 1570 1909 1630; x_wconf 80' lang='lat' dir='ltr'><strong>forte</strong></span> <span class='ocrx_word' id='word_1_97' title='bbox 1947 1577 2158 1630; x_wconf 89' lang='lat' dir='ltr'><strong>contra</strong></span> <span class='ocrx_word' id='word_1_98' title='bbox 2197 1567 2538 1629; x_wconf 86' lang='lat' dir='ltr'><strong>Romanum</strong></span> <span class='ocrx_word' id='word_1_99' title='bbox 2571 1543 2746 1645; x_wconf 64' lang='lat' dir='ltr'><strong>inge-</strong></span> 
     </span>
     <span class='ocr_line' id='line_1_12' title="bbox 777 1673 2747 1762; baseline -0.01 -15"><span class='ocrx_word' id='word_1_100' title='bbox 777 1686 954 1747; x_wconf 88' lang='lat' dir='ltr'><strong>nium</strong></span> <span class='ocrx_word' id='word_1_101' title='bbox 1012 1679 1288 1762; x_wconf 80' lang='lat' dir='ltr'><strong>depinxit</strong></span> <span class='ocrx_word' id='word_1_102' title='bbox 1344 1677 1553 1738; x_wconf 87' lang='lat' dir='ltr'><strong>Cicero</strong></span> <span class='ocrx_word' id='word_1_103' title='bbox 1612 1673 1876 1734; x_wconf 82' lang='lat' dir='ltr'><strong>Cluentii</strong></span> <span class='ocrx_word' id='word_1_104' title='bbox 1935 1691 2200 1733; x_wconf 79' lang='lat' dir='ltr'><strong>sororem</strong></span> <span class='ocrx_word' id='word_1_105' title='bbox 2216 1716 2237 1747; x_wconf 92' lang='lat'>‚</span> <span class='ocrx_word' id='word_1_106' title='bbox 2291 1689 2451 1751; x_wconf 86' lang='lat' dir='ltr'><strong>quae</strong></span> <span class='ocrx_word' id='word_1_107' title='bbox 2466 1716 2486 1746; x_wconf 90' lang='lat'><em>,</em></span> <span class='ocrx_word' id='word_1_108' title='bbox 2545 1686 2747 1748; x_wconf 85' lang='lat' dir='ltr'><strong>quum</strong></span> 
     </span>
     <span class='ocr_line' id='line_1_13' title="bbox 779 1771 2746 1861; baseline -0.009 -12"><span class='ocrx_word' id='word_1_109' title='bbox 779 1788 1081 1849; x_wconf 78' lang='lat' dir='ltr'><strong>nefarium</strong></span> <span class='ocrx_word' id='word_1_110' title='bbox 1107 1781 1314 1845; x_wconf 79' lang='lat' dir='ltr'><strong>matria</strong></span> <span class='ocrx_word' id='word_1_111' title='bbox 1338 1779 1692 1861; x_wconf 81' lang='lat' dir='ltr'><strong>pellicatum</strong></span> <span class='ocrx_word' id='word_1_112' title='bbox 1722 1775 1882 1837; x_wconf 73' lang='lat' dir='ltr'><strong>serre</strong></span> <span class='ocrx_word' id='word_1_113' title='bbox 1914 1794 2039 1836; x_wconf 91' lang='lat' dir='ltr'><strong>non</strong></span> <span class='ocrx_word' id='word_1_114' title='bbox 2066 1782 2285 1854; x_wconf 69' lang='lat' dir='ltr'><strong>posset,</strong></span> <span class='ocrx_word' id='word_1_115' title='bbox 2327 1771 2407 1834; x_wconf 89' lang='lat' dir='ltr'><strong>de</strong></span> <span class='ocrx_word' id='word_1_116' title='bbox 2430 1793 2506 1834; x_wconf 89' lang='lat' dir='ltr'><strong>eo</strong></span> <span class='ocrx_word' id='word_1_117' title='bbox 2535 1779 2746 1832; x_wconf 85' lang='lat' dir='ltr'><strong>tamen</strong></span> 
     </span>
     <span class='ocr_line' id='line_1_14' title="bbox 778 1872 2744 1970; baseline -0.01 -18"><span class='ocrx_word' id='word_1_118' title='bbox 778 1914 852 1951; x_wconf 77' lang='lat' dir='ltr'><strong>ne</strong></span> <span class='ocrx_word' id='word_1_119' title='bbox 880 1892 1050 1970; x_wconf 77' lang='lat' dir='ltr'><strong>queri</strong></span> <span class='ocrx_word' id='word_1_120' title='bbox 1081 1887 1315 1969; x_wconf 74' lang='lat' dir='ltr'><strong>quidem</strong></span> <span class='ocrx_word' id='word_1_121' title='bbox 1346 1885 1477 1941; x_wconf 73' lang='lat' dir='ltr'><strong>sina</strong></span> <span class='ocrx_word' id='word_1_122' title='bbox 1508 1879 1718 1940; x_wconf 70' lang='lat' dir='ltr'><strong>scelere</strong></span> <span class='ocrx_word' id='word_1_123' title='bbox 1750 1900 1811 1938; x_wconf 78' lang='grc' dir='ltr'><strong>σο</strong></span> <span class='ocrx_word' id='word_1_124' title='bbox 1832 1897 2007 1957; x_wconf 73' lang='lat' dir='ltr'><strong>posse</strong></span> <span class='ocrx_word' id='word_1_125' title='bbox 2032 1876 2459 1935; x_wconf 77' lang='lat' dir='ltr'><strong>arhierahatur:</strong></span> <span class='ocrx_word' id='word_1_126' title='bbox 2501 1872 2744 1933; x_wconf 87' lang='lat' dir='ltr'><strong>Cluent.</strong></span> 
     </span>
     <span class='ocr_line' id='line_1_15' title="bbox 780 1975 2744 2070; baseline -0.01 -16"><span class='ocrx_word' id='word_1_127' title='bbox 780 1996 855 2070; x_wconf 85' lang='lat'><strong>5,</strong></span> <span class='ocrx_word' id='word_1_128' title='bbox 919 1991 1016 2052; x_wconf 87' lang='lat'><strong>13.</strong></span> <span class='ocrx_word' id='word_1_129' title='bbox 1123 1990 1221 2049; x_wconf 90' lang='lat' dir='ltr'><strong>Sic</strong></span> <span class='ocrx_word' id='word_1_130' title='bbox 1285 1985 1471 2064; x_wconf 81' lang='lat' dir='ltr'><strong>igitur</strong></span> <span class='ocrx_word' id='word_1_131' title='bbox 1536 1982 1888 2041; x_wconf 82' lang='lat' dir='ltr'><strong>innocentes</strong></span> <span class='ocrx_word' id='word_1_132' title='bbox 1949 1979 2137 2059; x_wconf 73' lang='lat' dir='ltr'><strong>pudet</strong></span> <span class='ocrx_word' id='word_1_133' title='bbox 2207 1979 2388 2038; x_wconf 74' lang='lat' dir='ltr'><strong>etiam</strong></span> <span class='ocrx_word' id='word_1_134' title='bbox 2449 1976 2617 2055; x_wconf 71' lang='lat' dir='ltr'><strong>loqui</strong></span> <span class='ocrx_word' id='word_1_135' title='bbox 2671 1975 2744 2035; x_wconf 75' lang='lat' dir='ltr'><strong>de</strong></span> 
     </span>
     <span class='ocr_line' id='line_1_16' title="bbox 770 2078 2743 2179; baseline -0.01 -22"><span class='ocrx_word' id='word_1_136' title='bbox 770 2095 1098 2179; x_wconf 74' lang='lat' dir='ltr'><strong>pudicitia.</strong></span> <span class='ocrx_word' id='word_1_137' title='bbox 1188 2090 1340 2149; x_wconf 89' lang='lat' dir='ltr'><strong>Tum</strong></span> <span class='ocrx_word' id='word_1_138' title='bbox 1359 2132 1377 2163; x_wconf 90' lang='lat'>‚</span> <span class='ocrx_word' id='word_1_139' title='bbox 1428 2084 1588 2145; x_wconf 89' lang='lat' dir='ltr'><strong>nihil</strong></span> <span class='ocrx_word' id='word_1_140' title='bbox 1634 2084 1823 2161; x_wconf 75' lang='lat' dir='ltr'><strong>magis</strong></span> <span class='ocrx_word' id='word_1_141' title='bbox 1871 2082 2133 2161; x_wconf 85' lang='lat' dir='ltr'><strong>pertinet</strong></span> <span class='ocrx_word' id='word_1_142' title='bbox 2178 2080 2256 2141; x_wconf 90' lang='lat' dir='ltr'><strong>ad</strong></span> <span class='ocrx_word' id='word_1_143' title='bbox 2304 2080 2474 2140; x_wconf 87' lang='lat' dir='ltr'><strong>hunc</strong></span> <span class='ocrx_word' id='word_1_144' title='bbox 2533 2078 2743 2139; x_wconf 84' lang='lat' dir='ltr'><strong>locum</strong></span> 
     </span>
     <span class='ocr_line' id='line_1_17' title="bbox 779 2181 2746 2278; baseline -0.008 -20"><span class='ocrx_word' id='word_1_145' title='bbox 779 2218 963 2278; x_wconf 85' lang='lat' dir='ltr'><strong>quam</strong></span> <span class='ocrx_word' id='word_1_146' title='bbox 1009 2214 1080 2255; x_wconf 90' lang='lat' dir='ltr'><strong>ea</strong></span> <span class='ocrx_word' id='word_1_147' title='bbox 1112 2187 1634 2262; x_wconf 87' lang='lat' dir='ltr'><strong>commemoratio,</strong></span> <span class='ocrx_word' id='word_1_148' title='bbox 1676 2187 1726 2245; x_wconf 76' lang='lat' dir='ltr'><strong>si</strong></span> <span class='ocrx_word' id='word_1_149' title='bbox 1755 2185 2006 2265; x_wconf 88' lang='lat' dir='ltr'><strong>quidem</strong></span> <span class='ocrx_word' id='word_1_150' title='bbox 2041 2185 2126 2246; x_wconf 86' lang='lat' dir='ltr'><strong>ita</strong></span> <span class='ocrx_word' id='word_1_151' title='bbox 2157 2185 2234 2245; x_wconf 93' lang='lat' dir='ltr'><strong>ad</strong></span> <span class='ocrx_word' id='word_1_152' title='bbox 2278 2181 2746 2264; x_wconf 82' lang='lat' dir='ltr'><strong>praecedentem</strong></span> 
     </span>
     <span class='ocr_line' id='line_1_18' title="bbox 778 2285 2744 2376; baseline -0.008 -17"><span class='ocrx_word' id='word_1_153' title='bbox 778 2296 1311 2376; x_wconf 70' lang='lat' dir='ltr'><strong>interrogationem</strong></span> <span class='ocrx_word' id='word_1_154' title='bbox 1346 2287 1769 2369; x_wconf 82' lang='lat' dir='ltr'><strong>respondetur,</strong></span> <span class='ocrx_word' id='word_1_155' title='bbox 1811 2293 1882 2347; x_wconf 91' lang='lat' dir='ltr'><strong>ut</strong></span> <span class='ocrx_word' id='word_1_156' title='bbox 1905 2285 2068 2346; x_wconf 87' lang='lat' dir='ltr'><strong>dicat</strong></span> <span class='ocrx_word' id='word_1_157' title='bbox 2083 2331 2102 2361; x_wconf 89' lang='lat'><em>,</em></span> <span class='ocrx_word' id='word_1_158' title='bbox 2143 2305 2266 2344; x_wconf 90' lang='lat' dir='ltr'><strong>non</strong></span> <span class='ocrx_word' id='word_1_159' title='bbox 2298 2292 2546 2364; x_wconf 87' lang='lat' dir='ltr'><strong>propter</strong></span> <span class='ocrx_word' id='word_1_160' title='bbox 2580 2303 2744 2345; x_wconf 87' lang='lat' dir='ltr'><strong>emo·</strong></span> 
     </span>
     <span class='ocr_line' id='line_1_19' title="bbox 779 2385 2744 2477; baseline -0.008 -14"><span class='ocrx_word' id='word_1_161' title='bbox 779 2404 1080 2475; x_wconf 84' lang='lat' dir='ltr'><strong>lumenta,</strong></span> <span class='ocrx_word' id='word_1_162' title='bbox 1121 2415 1280 2477; x_wconf 80' lang='lat' dir='ltr'><strong>quae</strong></span> <span class='ocrx_word' id='word_1_163' title='bbox 1306 2392 1451 2453; x_wconf 90' lang='lat' dir='ltr'><strong>inde</strong></span> <span class='ocrx_word' id='word_1_164' title='bbox 1483 2391 1766 2453; x_wconf 86' lang='lat' dir='ltr'><strong>oriuntur</strong></span> <span class='ocrx_word' id='word_1_165' title='bbox 1796 2391 2041 2472; x_wconf 89' lang='lat' dir='ltr'><strong>(bonam</strong></span> <span class='ocrx_word' id='word_1_166' title='bbox 2065 2385 2313 2467; x_wconf 87' lang='lat' dir='ltr'><strong>samam)</strong></span> <span class='ocrx_word' id='word_1_167' title='bbox 2330 2434 2347 2461; x_wconf 92' lang='lat'><em>‚</em></span> <span class='ocrx_word' id='word_1_168' title='bbox 2388 2388 2744 2449; x_wconf 59' lang='lat' dir='ltr'><strong>innocent&amp;</strong></span> 
     </span>
     <span class='ocr_line' id='line_1_20' title="bbox 781 2489 2747 2583; baseline -0.008 -17"><span class='ocrx_word' id='word_1_169' title='bbox 781 2514 962 2583; x_wconf 82' lang='lat' dir='ltr'><strong>sunt,</strong></span> <span class='ocrx_word' id='word_1_170' title='bbox 1017 2501 1122 2563; x_wconf 80' lang='lat' dir='ltr'><strong>sed</strong></span> <span class='ocrx_word' id='word_1_171' title='bbox 1138 2546 1157 2578; x_wconf 89' lang='lat'><em>‚</em></span> <span class='ocrx_word' id='word_1_172' title='bbox 1211 2503 1423 2559; x_wconf 89' lang='lat' dir='ltr'><strong>contra</strong></span> <span class='ocrx_word' id='word_1_173' title='bbox 1437 2542 1455 2573; x_wconf 91' lang='lat'>‚</span> <span class='ocrx_word' id='word_1_174' title='bbox 1508 2494 1640 2574; x_wconf 81' lang='lat' dir='ltr'><strong>ipso</strong></span> <span class='ocrx_word' id='word_1_175' title='bbox 1691 2493 1926 2574; x_wconf 89' lang='lat' dir='ltr'><strong>pudore</strong></span> <span class='ocrx_word' id='word_1_176' title='bbox 1942 2538 1961 2570; x_wconf 90' lang='lat'><em>,</em></span> <span class='ocrx_word' id='word_1_177' title='bbox 2014 2510 2199 2572; x_wconf 86' lang='lat' dir='ltr'><strong>quem</strong></span> <span class='ocrx_word' id='word_1_178' title='bbox 2248 2492 2435 2552; x_wconf 88' lang='lat' dir='ltr'><strong>rubor</strong></span> <span class='ocrx_word' id='word_1_179' title='bbox 2486 2489 2747 2552; x_wconf 72' lang='lat' dir='ltr'><strong>ostendit</strong></span> 
     </span>
     <span class='ocr_line' id='line_1_21' title="bbox 782 2594 2748 2677; baseline -0.008 -8"><span class='ocrx_word' id='word_1_180' title='bbox 782 2609 890 2670; x_wconf 87' lang='lat' dir='ltr'><strong>ubi</strong></span> <span class='ocrx_word' id='word_1_181' title='bbox 943 2605 1044 2666; x_wconf 82' lang='lat' dir='ltr'><strong>vel</strong></span> <span class='ocrx_word' id='word_1_182' title='bbox 1098 2600 1352 2664; x_wconf 89' lang='lat' dir='ltr'><strong>audiunt</strong></span> <span class='ocrx_word' id='word_1_183' title='bbox 1412 2597 1721 2677; x_wconf 86' lang='lat' dir='ltr'><strong>impudica</strong></span> <span class='ocrx_word' id='word_1_184' title='bbox 1729 2642 1748 2674; x_wconf 89' lang='lat'><em>,</em></span> <span class='ocrx_word' id='word_1_185' title='bbox 1799 2604 2161 2657; x_wconf 83' lang='lat' dir='ltr'><strong>revocantur</strong></span> <span class='ocrx_word' id='word_1_186' title='bbox 2211 2594 2288 2654; x_wconf 87' lang='lat' dir='ltr'><strong>ab</strong></span> <span class='ocrx_word' id='word_1_187' title='bbox 2333 2594 2748 2674; x_wconf 79' lang='lat' dir='ltr'><strong>impudicitia,</strong></span> 
     </span>
     <span class='ocr_line' id='line_1_22' title="bbox 784 2698 2748 2780; baseline -0.006 -9"><span class='ocrx_word' id='word_1_188' title='bbox 784 2713 826 2773; x_wconf 89' lang='lat' dir='ltr'><strong>i.</strong></span> <span class='ocrx_word' id='word_1_189' title='bbox 860 2731 915 2772; x_wconf 88' lang='lat' dir='ltr'><strong>e.</strong></span> <span class='ocrx_word' id='word_1_190' title='bbox 970 2715 1188 2768; x_wconf 88' lang='lat' dir='ltr'><strong>natura</strong></span> <span class='ocrx_word' id='word_1_191' title='bbox 1236 2704 1588 2763; x_wconf 80' lang='lat' dir='ltr'><strong>innocentes</strong></span> <span class='ocrx_word' id='word_1_192' title='bbox 1636 2708 1803 2760; x_wconf 83' lang='lat' dir='ltr'><strong>sunt:</strong></span> <span class='ocrx_word' id='word_1_193' title='bbox 1853 2699 2037 2780; x_wconf 75' lang='lat' dir='ltr'><strong>pudet</strong></span> <span class='ocrx_word' id='word_1_194' title='bbox 2085 2699 2266 2757; x_wconf 72' lang='lat' dir='ltr'><strong>etiam</strong></span> <span class='ocrx_word' id='word_1_195' title='bbox 2315 2698 2480 2776; x_wconf 74' lang='lat' dir='ltr'><strong>loqui</strong></span> <span class='ocrx_word' id='word_1_196' title='bbox 2532 2699 2589 2758; x_wconf 81' lang='lat' dir='ltr'><strong>d.</strong></span> <span class='ocrx_word' id='word_1_197' title='bbox 2635 2719 2748 2779; x_wconf 46' lang='lat' dir='ltr'><strong>pa,</strong></span> 
     </span>
     <span class='ocr_line' id='line_1_23' title="bbox 785 2800 2747 2888; baseline -0.007 -14"><span class='ocrx_word' id='word_1_198' title='bbox 785 2813 981 2874; x_wconf 87' lang='lat' dir='ltr'><strong>multo</strong></span> <span class='ocrx_word' id='word_1_199' title='bbox 1029 2808 1218 2888; x_wconf 78' lang='lat' dir='ltr'><strong>magis</strong></span> <span class='ocrx_word' id='word_1_200' title='bbox 1269 2806 1456 2885; x_wconf 75' lang='lat' dir='ltr'><strong>igitur</strong></span> <span class='ocrx_word' id='word_1_201' title='bbox 1485 2802 1719 2883; x_wconf 86' lang='lat' dir='ltr'><strong>pudore</strong></span> <span class='ocrx_word' id='word_1_202' title='bbox 1752 2802 1829 2862; x_wconf 91' lang='lat' dir='ltr'><strong>ab</strong></span> <span class='ocrx_word' id='word_1_203' title='bbox 1861 2803 1987 2882; x_wconf 81' lang='lat' dir='ltr'><strong>ipsa</strong></span> <span class='ocrx_word' id='word_1_204' title='bbox 2024 2800 2406 2881; x_wconf 87' lang='lat' dir='ltr'><strong>impudicitia</strong></span> <span class='ocrx_word' id='word_1_205' title='bbox 2441 2808 2747 2861; x_wconf 86' lang='lat' dir='ltr'><strong>arcentur.</strong></span> 
     </span>
     <span class='ocr_line' id='line_1_24' title="bbox 786 2908 2748 2997; baseline -0.012 -18"><span class='ocrx_word' id='word_1_206' title='bbox 786 2916 1132 2997; x_wconf 81' lang='lat' dir='ltr'><strong>simplicem</strong></span> <span class='ocrx_word' id='word_1_207' title='bbox 1169 2913 1329 2972; x_wconf 86' lang='lat' dir='ltr'><strong>hanc</strong></span> <span class='ocrx_word' id='word_1_208' title='bbox 1366 2908 1921 2986; x_wconf 84' lang='lat' dir='ltr'><strong>interpretationem</strong></span> <span class='ocrx_word' id='word_1_209' title='bbox 1938 2951 1957 2981; x_wconf 89' lang='lat'><em>,</em></span> <span class='ocrx_word' id='word_1_210' title='bbox 1998 2924 2107 2985; x_wconf 91' lang='lat' dir='ltr'><strong>per</strong></span> <span class='ocrx_word' id='word_1_211' title='bbox 2139 2923 2324 2984; x_wconf 87' lang='lat' dir='ltr'><strong>quam</strong></span> <span class='ocrx_word' id='word_1_212' title='bbox 2358 2924 2475 2964; x_wconf 85' lang='lat' dir='ltr'><strong>nec</strong></span> <span class='ocrx_word' id='word_1_213' title='bbox 2510 2912 2748 2965; x_wconf 75' lang='lat' dir='ltr'><strong>senteu-</strong></span> 
     </span>
     <span class='ocr_line' id='line_1_25' title="bbox 789 3006 2749 3097; baseline -0.007 -16"><span class='ocrx_word' id='word_1_214' title='bbox 789 3023 946 3097; x_wconf 89' lang='lat' dir='ltr'><strong>tiae,</strong></span> <span class='ocrx_word' id='word_1_215' title='bbox 1005 3037 1120 3078; x_wconf 87' lang='lat' dir='ltr'><strong>nec</strong></span> <span class='ocrx_word' id='word_1_216' title='bbox 1172 3011 1597 3093; x_wconf 76' lang='lat' dir='ltr'><strong>disputationi,</strong></span> <span class='ocrx_word' id='word_1_217' title='bbox 1653 3029 1769 3070; x_wconf 86' lang='lat' dir='ltr'><strong>nec</strong></span> <span class='ocrx_word' id='word_1_218' title='bbox 1819 3009 2018 3069; x_wconf 82' lang='lat' dir='ltr'><strong>verbis</strong></span> <span class='ocrx_word' id='word_1_219' title='bbox 2050 3009 2141 3067; x_wconf 78' lang='lat' dir='ltr'><strong>vis</strong></span> <span class='ocrx_word' id='word_1_220' title='bbox 2170 3007 2272 3083; x_wconf 87' lang='lat' dir='ltr'><strong>fit,</strong></span> <span class='ocrx_word' id='word_1_221' title='bbox 2313 3008 2634 3088; x_wconf 84' lang='lat' dir='ltr'><strong>probatum</strong></span> <span class='ocrx_word' id='word_1_222' title='bbox 2669 3006 2749 3068; x_wconf 89' lang='lat' dir='ltr'><strong>iri</strong></span> 
     </span>
     <span class='ocr_line' id='line_1_26' title="bbox 791 3110 2753 3202; baseline -0.008 -16"><span class='ocrx_word' id='word_1_223' title='bbox 791 3124 1028 3188; x_wconf 85' lang='lat' dir='ltr'><strong>confido</strong></span> <span class='ocrx_word' id='word_1_224' title='bbox 1058 3140 1204 3202; x_wconf 87' lang='lat' dir='ltr'><strong>prae</strong></span> <span class='ocrx_word' id='word_1_225' title='bbox 1238 3116 1519 3195; x_wconf 75' lang='lat' dir='ltr'><strong>Madvigii</strong></span> <span class='ocrx_word' id='word_1_226' title='bbox 1557 3114 1791 3174; x_wconf 87' lang='lat' dir='ltr'><strong>ratione</strong></span> <span class='ocrx_word' id='word_1_227' title='bbox 1807 3159 1826 3190; x_wconf 90' lang='lat'><strong><em>,</em></strong></span> <span class='ocrx_word' id='word_1_228' title='bbox 1867 3113 1979 3192; x_wconf 83' lang='lat' dir='ltr'><strong>qui</strong></span> <span class='ocrx_word' id='word_1_229' title='bbox 2014 3112 2122 3172; x_wconf 81' lang='lat' dir='ltr'><strong>ista</strong></span> <span class='ocrx_word' id='word_1_230' title='bbox 2140 3156 2158 3187; x_wconf 89' lang='lat'>‚</span> <span class='ocrx_word' id='word_1_231' title='bbox 2188 3111 2376 3191; x_wconf 74' lang='lat' dir='ltr'><strong>pudet</strong></span> <span class='ocrx_word' id='word_1_232' title='bbox 2406 3113 2531 3171; x_wconf 83' lang='lat' dir='ltr'><strong>iam</strong></span> <span class='ocrx_word' id='word_1_233' title='bbox 2560 3142 2642 3155; x_wconf 93' lang='lat'>—</span> <span class='ocrx_word' id='word_1_234' title='bbox 2673 3110 2753 3171; x_wconf 86' lang='lat' dir='ltr'><strong>de</strong></span> 
     </span>
     <span class='ocr_line' id='line_1_27' title="bbox 791 3214 2753 3306; baseline -0.007 -17"><span class='ocrx_word' id='word_1_235' title='bbox 791 3248 853 3289; x_wconf 82' lang='lat' dir='ltr'><strong>se</strong></span> <span class='ocrx_word' id='word_1_236' title='bbox 910 3228 1040 3306; x_wconf 77' lang='lat' dir='ltr'><strong>ipso</strong></span> <span class='ocrx_word' id='word_1_237' title='bbox 1098 3224 1304 3283; x_wconf 80' lang='lat' dir='ltr'><strong>dicere</strong></span> <span class='ocrx_word' id='word_1_238' title='bbox 1364 3219 1715 3279; x_wconf 87' lang='lat' dir='ltr'><strong>Ciceronem</strong></span> <span class='ocrx_word' id='word_1_239' title='bbox 1777 3215 1950 3294; x_wconf 73' lang='lat' dir='ltr'><strong>fingit</strong></span> <span class='ocrx_word' id='word_1_240' title='bbox 1965 3261 1984 3290; x_wconf 91' lang='lat'><em>,</em></span> <span class='ocrx_word' id='word_1_241' title='bbox 2049 3215 2221 3293; x_wconf 78' lang='lat' dir='ltr'><strong>quasi</strong></span> <span class='ocrx_word' id='word_1_242' title='bbox 2285 3214 2543 3294; x_wconf 88' lang='lat' dir='ltr'><strong>puderet</strong></span> <span class='ocrx_word' id='word_1_243' title='bbox 2610 3233 2753 3275; x_wconf 86' lang='lat' dir='ltr'><strong>eum</strong></span> 
     </span>
     <span class='ocr_line' id='line_1_28' title="bbox 793 3314 2751 3409; baseline -0.006 -19"><span class='ocrx_word' id='word_1_244' title='bbox 793 3328 966 3409; x_wconf 89' lang='lat' dir='ltr'><strong>loqui</strong></span> <span class='ocrx_word' id='word_1_245' title='bbox 995 3326 1073 3387; x_wconf 90' lang='lat' dir='ltr'><strong>de</strong></span> <span class='ocrx_word' id='word_1_246' title='bbox 1099 3344 1171 3383; x_wconf 87' lang='lat' dir='ltr'><strong>ea</strong></span> <span class='ocrx_word' id='word_1_247' title='bbox 1198 3319 1520 3401; x_wconf 87' lang='lat' dir='ltr'><strong>pudicitia,</strong></span> <span class='ocrx_word' id='word_1_248' title='bbox 1547 3337 1706 3398; x_wconf 88' lang='lat' dir='ltr'><strong>quae</strong></span> <span class='ocrx_word' id='word_1_249' title='bbox 1732 3316 2126 3377; x_wconf 80' lang='lat' dir='ltr'><strong>dissimulatio</strong></span> <span class='ocrx_word' id='word_1_250' title='bbox 2145 3325 2295 3377; x_wconf 78' lang='lat' dir='ltr'><strong>esset</strong></span> <span class='ocrx_word' id='word_1_251' title='bbox 2317 3314 2751 3396; x_wconf 76' lang='lat' dir='ltr'><strong>impudicitiae.</strong></span> 
     </span>
     <span class='ocr_line' id='line_1_29' title="bbox 796 3419 2752 3512; baseline -0.008 -20"><span class='ocrx_word' id='word_1_252' title='bbox 796 3433 1007 3512; x_wconf 81' lang='lat' dir='ltr'><strong>Neque</strong></span> <span class='ocrx_word' id='word_1_253' title='bbox 1066 3425 1385 3488; x_wconf 80' lang='lat' dir='ltr'><strong>attendisse</strong></span> <span class='ocrx_word' id='word_1_254' title='bbox 1441 3422 1716 3497; x_wconf 79' lang='lat' dir='ltr'><strong>videtur,</strong></span> <span class='ocrx_word' id='word_1_255' title='bbox 1776 3439 2143 3500; x_wconf 83' lang='lat' dir='ltr'><strong>quamquam</strong></span> <span class='ocrx_word' id='word_1_256' title='bbox 2204 3420 2330 3498; x_wconf 75' lang='lat' dir='ltr'><strong>ipae</strong></span> <span class='ocrx_word' id='word_1_257' title='bbox 2388 3439 2635 3499; x_wconf 84' lang='lat' dir='ltr'><strong>quoque</strong></span> <span class='ocrx_word' id='word_1_258' title='bbox 2684 3419 2752 3479; x_wconf 90' lang='lat' dir='ltr'><strong>in</strong></span> 
     </span>
     <span class='ocr_line' id='line_1_30' title="bbox 794 3522 2750 3615; baseline -0.007 -20"><span class='ocrx_word' id='word_1_259' title='bbox 794 3532 1084 3615; x_wconf 70' lang='lat' dir='ltr'><strong>proximis</strong></span> <span class='ocrx_word' id='word_1_260' title='bbox 1117 3548 1354 3590; x_wconf 74' lang='lat' dir='ltr'><strong>servans</strong></span> <span class='ocrx_word' id='word_1_261' title='bbox 1378 3549 1449 3587; x_wconf 83' lang='lat' dir='ltr'><strong>ac</strong></span> <span class='ocrx_word' id='word_1_262' title='bbox 1466 3526 1655 3606; x_wconf 74' lang='lat' dir='ltr'><strong>pudet</strong></span> <span class='ocrx_word' id='word_1_263' title='bbox 1694 3545 1814 3600; x_wconf 80' lang='lat' dir='ltr'><strong>me,</strong></span> <span class='ocrx_word' id='word_1_264' title='bbox 1849 3524 2084 3583; x_wconf 88' lang='lat' dir='ltr'><strong>nullam</strong></span> <span class='ocrx_word' id='word_1_265' title='bbox 2114 3543 2237 3584; x_wconf 83' lang='lat' dir='ltr'><strong>esse</strong></span> <span class='ocrx_word' id='word_1_266' title='bbox 2270 3522 2455 3583; x_wconf 82' lang='lat' dir='ltr'><strong>huius</strong></span> <span class='ocrx_word' id='word_1_267' title='bbox 2478 3542 2750 3602; x_wconf 89' lang='lat' dir='ltr'><strong>pronom.</strong></span> 
     </span>
     <span class='ocr_line' id='line_1_31' title="bbox 799 3624 2742 3719; baseline -0.007 -22"><span class='ocrx_word' id='word_1_268' title='bbox 799 3634 938 3719; x_wconf 85' lang='lat' dir='ltr'><strong>(me)</strong></span> <span class='ocrx_word' id='word_1_269' title='bbox 973 3650 1211 3694; x_wconf 88' lang='lat' dir='ltr'><strong>causam</strong></span> <span class='ocrx_word' id='word_1_270' title='bbox 1227 3675 1246 3706; x_wconf 91' lang='lat'><em>‚</em></span> <span class='ocrx_word' id='word_1_271' title='bbox 1285 3630 1402 3688; x_wconf 84' lang='lat' dir='ltr'><strong>nisi</strong></span> <span class='ocrx_word' id='word_1_272' title='bbox 1433 3629 1604 3706; x_wconf 81' lang='lat' dir='ltr'><strong>prius</strong></span> <span class='ocrx_word' id='word_1_273' title='bbox 1627 3627 1808 3708; x_wconf 75' lang='lat' dir='ltr'><strong>pudet</strong></span> <span class='ocrx_word' id='word_1_274' title='bbox 1841 3625 1919 3687; x_wconf 85' lang='lat' dir='ltr'><strong>ad</strong></span> <span class='ocrx_word' id='word_1_275' title='bbox 1955 3626 2302 3686; x_wconf 75' lang='lat' dir='ltr'><strong>innocentes</strong></span> <span class='ocrx_word' id='word_1_276' title='bbox 2331 3624 2690 3688; x_wconf 85' lang='lat' dir='ltr'><strong>referatur.</strong></span> <span class='ocrx_word' id='word_1_277' title='bbox 2673 3654 2742 3719; x_wconf 43' lang='grc' dir='ltr'><strong>,ἦ</strong></span> 
     </span>
     <span class='ocr_line' id='line_1_32' title="bbox 878 3724 2756 3811; baseline -0.005 -13"><span class='ocrx_word' id='word_1_278' title='bbox 878 3758 952 3798; x_wconf 79' lang='lat' dir='ltr'><strong>ac</strong></span> <span class='ocrx_word' id='word_1_279' title='bbox 991 3756 1081 3795; x_wconf 84' lang='lat' dir='ltr'><strong>me</strong></span> <span class='ocrx_word' id='word_1_280' title='bbox 1122 3735 1368 3792; x_wconf 71' lang='lat' dir='ltr'><strong>istomm</strong></span> <span class='ocrx_word' id='word_1_281' title='bbox 1406 3762 1488 3775; x_wconf 93' lang='lat'><strong>—-</strong></span> <span class='ocrx_word' id='word_1_282' title='bbox 1519 3741 1807 3790; x_wconf 74' lang='lat' dir='ltr'><strong>mutatum</strong></span> <span class='ocrx_word' id='word_1_283' title='bbox 1821 3727 2067 3811; x_wconf 77' lang='lat' dir='ltr'><strong>putant)</strong></span> <span class='ocrx_word' id='word_1_284' title='bbox 2145 3730 2240 3789; x_wconf 83' lang='lat' dir='ltr'><strong>Me</strong></span> <span class='ocrx_word' id='word_1_285' title='bbox 2270 3731 2550 3805; x_wconf 73' lang='lat' dir='ltr'><strong>istorum,</strong></span> <span class='ocrx_word' id='word_1_286' title='bbox 2589 3724 2756 3808; x_wconf 63' lang='lat' dir='ltr'><strong>quod</strong></span> 
     </span>
     <span class='ocr_line' id='line_1_33' title="bbox 802 3832 2778 3913; baseline -0.006 -12"><span class='ocrx_word' id='word_1_287' title='bbox 802 3840 986 3902; x_wconf 87' lang='lat' dir='ltr'><strong>unice</strong></span> <span class='ocrx_word' id='word_1_288' title='bbox 1030 3856 1246 3898; x_wconf 81' lang='lat' dir='ltr'><strong>verum</strong></span> <span class='ocrx_word' id='word_1_289' title='bbox 1291 3841 1407 3911; x_wconf 77' lang='lat' dir='ltr'><strong>eat,</strong></span> <span class='ocrx_word' id='word_1_290' title='bbox 1447 3853 1571 3913; x_wconf 84' lang='lat' dir='ltr'><strong>quo</strong></span> <span class='ocrx_word' id='word_1_291' title='bbox 1604 3832 1785 3895; x_wconf 89' lang='lat' dir='ltr'><strong>modo</strong></span> <span class='ocrx_word' id='word_1_292' title='bbox 1820 3832 2127 3910; x_wconf 90' lang='lat' dir='ltr'><strong>corrumpi</strong></span> <span class='ocrx_word' id='word_1_293' title='bbox 2158 3832 2456 3910; x_wconf 87' lang='lat' dir='ltr'><strong>potuerit,</strong></span> <span class='ocrx_word' id='word_1_294' title='bbox 2498 3852 2535 3891; x_wconf 95' lang='lat' dir='ltr'><strong>e</strong></span> <span class='ocrx_word' id='word_1_295' title='bbox 2564 3849 2778 3905; x_wconf 58' lang='lat' dir='ltr'><strong>vam-222.</strong></span> 
     </span>
     <span class='ocr_line' id='line_1_34' title="bbox 803 3933 2755 4017; baseline -0.007 -10"><span class='ocrx_word' id='word_1_296' title='bbox 803 3953 923 4007; x_wconf 86' lang='lat' dir='ltr'><strong>tate</strong></span> <span class='ocrx_word' id='word_1_297' title='bbox 950 3941 1224 4003; x_wconf 75' lang='lat' dir='ltr'><strong>lectionis</strong></span> <span class='ocrx_word' id='word_1_298' title='bbox 1256 3938 1638 4017; x_wconf 77' lang='lat' dir='ltr'><strong>intelligitur.</strong></span> <span class='ocrx_word' id='word_1_299' title='bbox 1697 3936 1953 4010; x_wconf 88' lang='lat' dir='ltr'><strong>Quinam</strong></span> <span class='ocrx_word' id='word_1_300' title='bbox 1969 3934 2310 4017; x_wconf 73' lang='lat' dir='ltr'><strong>philosophi</strong></span> <span class='ocrx_word' id='word_1_301' title='bbox 2336 3933 2755 4013; x_wconf 70' lang='lat' dir='ltr'><strong>intelligantur</strong></span> 
     </span>
     <span class='ocr_line' id='line_1_35' title="bbox 802 4037 2757 4130; baseline -0.006 -21"><span class='ocrx_word' id='word_1_302' title='bbox 802 4048 1156 4130; x_wconf 74' lang='lat' dir='ltr'><strong>(Madvigius</strong></span> <span class='ocrx_word' id='word_1_303' title='bbox 1204 4064 1328 4105; x_wconf 91' lang='lat' dir='ltr'><strong>non</strong></span> <span class='ocrx_word' id='word_1_304' title='bbox 1378 4050 1542 4103; x_wconf 89' lang='lat' dir='ltr'><strong>recte</strong></span> <span class='ocrx_word' id='word_1_305' title='bbox 1590 4040 1911 4119; x_wconf 76' lang='lat' dir='ltr'><strong>Epicureos</strong></span> <span class='ocrx_word' id='word_1_306' title='bbox 1955 4037 2185 4120; x_wconf 86' lang='lat' dir='ltr'><strong>putat),</strong></span> <span class='ocrx_word' id='word_1_307' title='bbox 2238 4038 2434 4099; x_wconf 87' lang='lat' dir='ltr'><strong>dicam</strong></span> <span class='ocrx_word' id='word_1_308' title='bbox 2455 4083 2473 4113; x_wconf 90' lang='lat'>‚</span> <span class='ocrx_word' id='word_1_309' title='bbox 2508 4038 2558 4097; x_wconf 78' lang='lat' dir='ltr'><strong>si</strong></span> <span class='ocrx_word' id='word_1_310' title='bbox 2587 4037 2757 4116; x_wconf 77' lang='lat' dir='ltr'><strong>priua</strong></span> 
     </span>
     <span class='ocr_line' id='line_1_36' title="bbox 805 4141 2756 4231; baseline -0.006 -20"><span class='ocrx_word' id='word_1_311' title='bbox 805 4150 884 4213; x_wconf 89' lang='lat' dir='ltr'><strong>de</strong></span> <span class='ocrx_word' id='word_1_312' title='bbox 934 4148 1319 4231; x_wconf 80' lang='lat' dir='ltr'><strong>sequentihus</strong></span> <span class='ocrx_word' id='word_1_313' title='bbox 1371 4145 1570 4208; x_wconf 80' lang='lat' dir='ltr'><strong>verbis</strong></span> <span class='ocrx_word' id='word_1_314' title='bbox 1616 4142 1987 4224; x_wconf 81' lang='lat' dir='ltr'><strong>quaesivero.</strong></span> <span class='ocrx_word' id='word_1_315' title='bbox 2084 4144 2277 4217; x_wconf 83' lang='lat' dir='ltr'><strong>Quam</strong></span> <span class='ocrx_word' id='word_1_316' title='bbox 2326 4141 2646 4203; x_wconf 83' lang='lat' dir='ltr'><strong>lectionem</strong></span> <span class='ocrx_word' id='word_1_317' title='bbox 2681 4159 2756 4200; x_wconf 83' lang='lat' dir='ltr'><strong>ex</strong></span> 
     </span>
    </p>
   </div>
   <div class='ocr_carea' id='block_1_3' title="bbox 3001 2282 3014 3067">
    <p class='ocr_par' dir='ltr' id='par_1_3' title="bbox 3001 2282 3014 3067">
     <span class='ocr_line' id='line_1_37' title="bbox 3001 2282 3014 3067; baseline 0 0"><span class='ocrx_word' id='word_1_318' title='bbox 3001 2282 3014 3067; x_wconf 95' lang='lat' dir='ltr'><strong> </strong></span> 
     </span>
    </p>
   </div>
  </div>
 </body>
</html>
