3131 5032
691 432 820 497 278
1417 425 1564 492 Lm.
1613 425 1681 510 1,
1736 428 1810 509 1,
1854 429 1921 492 5.

700 637 917 698 invitis
952 637 1051 695 ius
1096 636 1502 715 expetiturum.
1583 631 1701 692 Sed
1749 632 1997 692 omnino
2042 632 2330 691 latissime
2366 641 2532 711 petet
2564 634 2673 695 illa

705 741 861 802 ratio
902 760 1013 819 per
1047 739 1364 817 utriusque
1401 737 1649 816 linguae
1690 736 2028 815 scriptores:
2073 742 2136 795 et
2167 734 2673 798 Demosthenem

709 842 926 904 inmid.
939 864 1001 921 p.
1023 840 1272 918 515‚16‚
1301 844 1522 906 πολλᾶς
1548 838 1615 898 δὲ
1645 841 1879 912 δεήσεις
1907 846 2006 898 καὶ
2035 842 2281 917 χάριτας
2303 846 2402 899 καὶ
2421 840 2671 907 ἀπειλὰς

709 951 1059 1024 ὑπομείνας,
1121 945 1382 1005 recurrit
1431 942 1698 1024 quodam
1738 941 1917 1002 modo
1960 942 2028 1001 in
2069 942 2344 1004 Tulliano
2384 944 2556 1006 Tuae.
2592 943 2670 1021 V,

710 1050 786 1110 31
809 1095 829 1127 ,
870 1047 979 1126 87,
1020 1050 1203 1108 minis
1241 1058 1346 1107 aut
1385 1046 1805 1106 blandimentis
1845 1057 2137 1125 corrupta.

791 1173 927 1213 cum
956 1153 1180 1234 Egeria
1207 1184 1289 1196 —
1324 1147 1693 1232 impositum)
1768 1149 1930 1209 Talia
1965 1169 2089 1209 non
2123 1149 2333 1228 primis
2359 1149 2671 1211 annalimn

710 1256 1117 1316 monumentis
1131 1300 1150 1330 ‚
1207 1254 1312 1314 sed
1364 1253 1734 1313 carminibus
1785 1253 2035 1312 vetustis
2086 1251 2332 1328 deberi,
2391 1262 2523 1313 tum
2567 1254 2674 1314 hic

712 1360 1014 1421 Ciceronis
1043 1361 1211 1419 locus
1238 1358 1484 1434 suadet,
1527 1366 1658 1417 tum
1692 1356 1937 1417 sortasse
1969 1356 2356 1431 Quinctilian.
2388 1356 2438 1417 1.
2475 1357 2544 1417 Ο.
2576 1357 2672 1434 11,

712 1463 753 1524 4
768 1509 787 1540 ,
826 1461 909 1523 -18
918 1510 937 1540 ‚
978 1483 1063 1543 eq.
1075 1509 1094 1539 ‚
1136 1462 1418 1541 favetque
1467 1462 1585 1521 hoc
1638 1469 1849 1522 acutae
1887 1460 2208 1520 Niebuhrii
2241 1460 2672 1541 disputationi,

708 1583 923 1644 quam,
975 1574 1108 1646 post
1160 1565 1575 1642 Perizonium,
1626 1565 1865 1625 ornavit
1924 1564 2067 1624 nist.
2122 1563 2294 1625 Rom.
2344 1564 2396 1626 Ι.
2429 1584 2490 1644 p.
2526 1563 2670 1627 283.

708 1667 816 1729 Ed.
858 1667 1011 1729 35⁸⁰.

792 1771 836 1854 §
878 1774 935 1832 5.
1031 1773 1185 1854 leges
1232 1768 1647 1851 observandae)
1725 1770 1802 1830 In
1839 1769 2139 1830 librorum
2169 1767 2469 1831 discordia
2502 1788 2680 1849 saepe

711 1873 970 1935 difficilis
1017 1876 1182 1954 optio
1230 1882 1319 1935 est
1369 1874 1530 1935 inter
1577 1875 1908 1949 observare,
1959 1880 2023 1932 et
2064 1892 2326 1932 semare.-
2378 1871 2487 1933 scd
2517 1872 2677 1934 illud

710 1978 849 2038 satis
879 1978 1077 2037 firmat
1105 1978 1265 2039 Orat.
1299 1978 1364 2055 1,
1404 1978 1514 2054 21,
1556 1976 1638 2037 97
1656 2023 1674 2052 ,
1714 1975 1818 2036 fin.
1856 1975 2089 2054 aliique
2128 1974 2267 2034 Ioci.

790 2080 1006 2158 quippe
1039 2099 1220 2157 quum
1253 2079 1364 2137 illa
1399 2078 1479 2137 ad
1519 2079 1827 2137 veritatem
1838 2122 1857 2153 ,
1904 2077 2120 2157 Quinte
2137 2123 2156 2154 ,
2186 2078 2535 2157 referuntur
2546 2121 2566 2153 ,
2603 2078 2676 2137 in

709 2183 819 2242 hoc
851 2182 931 2240 ad
969 2181 1409 2240 delectationem
1441 2178 1765 2261 pleraque.)
1846 2179 2136 2240 Putidum
2169 2188 2257 2239 eet
2291 2180 2459 2260 quod
2487 2181 2669 2242 Erne-

708 2292 832 2344 stus
849 2329 868 2360 ,
900 2291 1031 2363 post
1065 2284 1428 2363 reserantia,
1469 2282 1760 2343 excidisse
1813 2283 2064 2361 putabat
2103 2286 2338 2343 omnia:
2380 2304 2498 2344 neo
2530 2285 2674 2345 satie

705 2387 986 2447 Latinum
1003 2434 1022 2465 ,
1062 2385 1229 2467 quod
1264 2407 1376 2466 pro
1416 2387 1634 2469 Quinte
1676 2387 1956 2446 substitui
1987 2387 2314 2448 voluerunt
2348 2389 2631 2448 nonnulli
2648 2434 2670 2466 ,

707 2511 999 2571 quaeque5
1043 2491 1334 2570 quoniam
1375 2511 1500 2552 non
1545 2491 1786 2571 singula
1828 2492 1893 2551 in
1936 2491 2184 2553 historia
2203 2538 2221 2569 ‚
2260 2492 2367 2553 sed
2409 2500 2533 2553 tota
2564 2493 2671 2553 hi-

707 2597 888 2656 storia
914 2596 992 2655 ad
1016 2596 1330 2656 veritatem
1352 2595 1673 2656 referenda
1698 2604 1803 2656 est.
1847 2594 2285 2673 Corrigendnm
2305 2599 2667 2674 necessario,

709 2698 802 2758 uti
839 2697 1066 2756 factum
1101 2698 1168 2756 in
1198 2697 1437 2776 Lagom.
1482 2697 1598 2758 124
1633 2706 1697 2759 et
1727 2697 1872 2774 126,
1905 2699 2223 2777 refemtur:
2257 2718 2400 2758 nam
2429 2702 2499 2758 in
2529 2708 2673 2761 ante

709 2803 821 2861 illa
873 2800 1086 2880 optimi
1139 2800 1283 2859 libri
1338 2802 1627 2862 omittunt
1643 2846 1663 2877 ,
1721 2799 1889 2882 quod
1947 2801 2253 2880 quomodo
2299 2797 2503 2864 ortum
2555 2805 2635 2864 eit
2648 2849 2671 2882 ,

705 2904 996 2965 facillime
1043 2904 1410 2982 intelligitur
1452 2925 1489 2964 e
1533 2902 1692 2965 Voss.
1739 2904 1815 2980 C,
1873 2903 1941 2962 in
1982 2923 2107 2983 quo
2156 2912 2244 2965 est
2294 2913 2375 2966 οὔ·
2417 2927 2478 2966 m
2520 2906 2671 2983 iun,

703 3028 817 3089 pro
870 3029 1004 3068 cum
1054 3008 1183 3069 illa.
1264 3006 1360 3066 Sic
1408 3009 1480 3066 in
1530 3008 1965 3086 interpolatum
2000 3016 2130 3068 crat
2162 3008 2230 3067 in
2264 3008 2425 3069 Sext.
2459 3010 2527 3088 7,
2573 3009 2667 3071 17.

705 3109 928 3192 (Schol.
968 3110 1259 3189 Hypomn.
1292 3109 1342 3170 Ι.
1380 3130 1441 3188 p.
1478 3107 1606 3189 61.)
1686 3110 1968 3170 Ceterum
2015 3114 2215 3172 omnia
2250 3111 2375 3172 iam
2407 3112 2669 3192 interpo-

703 3213 934 3274 laverat
984 3212 1226 3290 Lagom.
1281 3209 1381 3271 58.
1479 3211 1553 3269 Ut
1595 3212 1668 3269 in
1711 3211 1820 3271 hoc
1865 3211 2212 3288 ederemus,
2252 3232 2378 3272 non
2413 3215 2483 3271 in
2519 3213 2670 3291 lucc„

704 3335 784 3375 ne
819 3315 926 3376 illa
958 3316 1210 3394 quidem
1228 3360 1247 3390 ,
1287 3334 1447 3393 quae
1480 3323 1716 3393 praesto
1751 3323 1903 3392 erat,
1946 3316 2301 3376 auctoritate
2335 3315 2668 3396 indigebat.

703 3419 1066 3481 Goerenzius
1105 3418 1184 3478 de
1220 3418 1339 3478 hoc
1377 3418 1514 3479 Ioco
1551 3439 1749 3479 meras
1786 3438 1978 3497 nugas
2014 3417 2262 3497 profert.

786 3522 946 3602 apud
996 3521 1351 3580 Herodotum
1400 3554 1483 3568 —-
1532 3534 1673 3582 sum
1720 3522 2180 3581 innumerabiles
2214 3518 2519 3602 schidae)-
2574 3520 2670 3582 ‘De

704 3625 823 3685 hoc
856 3625 990 3684 loco
1022 3631 1458 3684 commentatus
1497 3631 1586 3684 est
1620 3624 2121 3704 Wyttenhachius
2155 3623 2519 3686 Philomath.
2553 3623 2670 3687 Ill.

706 3746 771 3807 p.
787 3725 908 3787 302
922 3773 941 3803 ,
981 3726 1322 3803 ostendens,
1354 3747 1502 3806 quas
1527 3728 1784 3807 fabulas
1814 3728 1878 3786 in
1920 3727 2169 3787 historia
2202 3727 2535 3806 appellaret
2568 3726 2691 3787 (Ji--

704 3847 846 3891 cero
862 3875 880 3905 ‚
921 3828 1145 3908 opponi
1155 3830 1332 3909 fictis
1349 3829 1593 3910 fabulis
1606 3854 1626 3887 .·
1663 3829 1840 3888 cuius
1873 3829 2060 3909 copiis
2088 3829 2388 3890 addantur
2417 3829 2487 3888 hi
2518 3829 2636 3891 Ioci
2648 3874 2670 3906 ,

701 3933 960 4013 Republ.
999 3932 1089 4009 11,
1130 3933 1206 4008 2,
1249 3931 1307 3992 4.
1347 3930 1517 3993 Verr.
1574 3931 1698 4007 111,
1738 3931 1846 4008 78,
1895 3932 2027 3993 182.
2070 3932 2267 3992 Divin.
2309 3932 2374 4008 I,
2413 3931 2525 4008 20,
2567 3931 2669 3993 40.

707 4037 833 4096 Fin.
866 4035 895 4094 I
916 4082 935 4111 ‚
978 4035 1085 4112 20,
1121 4037 1221 4097 65.
1259 4034 1415 4094 Plin.
1445 4035 1594 4115 Epp.
1626 4033 1801 4111 VIII,
1830 4034 1942 4111 24,
1978 4036 2037 4097 3.
2118 4036 2283 4096 Talia
2314 4036 2364 4094 si
2399 4036 2669 4096 mutuari

700 4160 735 4199 a
764 4159 984 4217 magno
1029 4140 1160 4199 viro
1200 4137 1504 4199 maluisset
1538 4138 1797 4199 Moserus
1815 4185 1835 4215 ,
1872 4159 1987 4201 nec
2021 4140 2152 4200 sine
2186 4139 2433 4201 delectu
2467 4139 2670 4202 omnia
