3131 5032
664 454 869 502 xum

666 634 1046 709 Plutarchus
1059 632 1188 706 Cic.
1206 640 1356 728 Cap.
1380 640 1487 706 41.
1507 634 1650 705 init.
1665 650 1744 705 ut
1767 658 1844 706 ex
1870 636 2217 707 traditione
2236 640 2348 731 (ὥς
2367 638 2640 731 λέγεται)

666 751 863 819 refert
883 801 901 832 ,
935 764 1154 818 tamen
1183 762 1442 841 poterat
1474 748 1582 816 hic
1616 771 1692 817 ex
1726 749 2118 819 nobilissimo
2148 751 2259 821 illo
2287 752 2428 821 loco
2444 755 2638 845 Legg.

665 866 733 945 1,
787 868 827 928 2
847 912 865 943 ,
915 861 1161 953 aliquid
1212 860 1534 951 suspicari.
1638 861 1767 929 Sed
1814 861 1995 953 quod
2045 861 2177 953 ipse
2229 862 2480 931 Atticus
2521 864 2638 932 diu

661 988 811 1065 post
858 975 1123 1041 demum
1146 1025 1163 1055 ,
1210 976 1285 1041 A.
1327 978 1499 1054 710,
1544 972 1737 1040 semel
1787 972 2154 1064 iterumque
2199 974 2497 1043 hortatus
2537 988 2638 1043 est

661 1085 1029 1154 OEceronem
1062 1100 1142 1153 ut
1177 1084 1472 1153 historias
1512 1083 1820 1152 scriberet
1874 1086 1984 1175 (ad
2026 1087 2162 1154 Att.
2196 1090 2363 1168 xlv,
2415 1091 2528 1169 14,
2567 1094 2635 1156 5.
2719 1096 2720 1099 ’

660 1198 843 1277 XVI,
902 1205 1005 1267 13.
1056 1220 1112 1266 c.
1170 1198 1278 1286 2),
1327 1220 1462 1266 non
1504 1219 1657 1265 sane
1709 1220 1828 1287 per
1873 1220 1940 1264 se
1982 1198 2334 1266 confirmat
2364 1198 2641 1266 alteram

659 1310 832 1377 illam
904 1309 1423 1377 adhortationem
1442 1358 1461 1389 ‚
1520 1326 1690 1398 quae
1738 1308 1796 1374 ei
1854 1309 2327 1401 affingebatur,
2386 1309 2636 1377 editam

658 1421 867 1491 fuisse.
914 1424 1154 1489 Rursus
1171 1472 1189 1503 ,
1216 1420 1504 1510 exemplo
1534 1420 1825 1511 vulgatae
1847 1420 2209 1490 traditionis
2236 1420 2303 1487 in
2322 1419 2634 1503 Zaleuco‚

655 1558 695 1602 a
744 1556 874 1623 qua
923 1531 1254 1600 dissentiat
1304 1532 1627 1613 Timaeus,
1676 1554 1813 1600 non
1848 1556 1996 1599 usus
2025 1545 2187 1600 esset
2220 1532 2307 1600 ad
2341 1533 2634 1601 Atticum

653 1644 939 1712 scribens
971 1646 1097 1731 VI,
1139 1649 1212 1726 1,
1257 1651 1371 1726 18,
1408 1667 1484 1712 ex
1509 1644 1722 1712 Cilicia
1755 1646 1830 1714 A.
1868 1649 2042 1726 704,
2073 1643 2125 1711 si
2154 1644 2330 1713 edita
2364 1644 2638 1715 fixissent

656 1779 731 1824 ea
768 1779 936 1846 quae
967 1758 1158 1848 Legg.
1192 1758 1291 1837 11,
1330 1761 1407 1838 6,
1452 1763 1573 1837 15,
1608 1756 1956 1846 scripserat.

746 1868 1110 1936 Dicendum
1154 1890 1418 1958 quer
1448 1868 1744 1936 nonnihil
1783 1882 1880 1936 est
1913 1868 2000 1936 de
2033 1868 2298 1937 consilio
2331 1882 2402 1938 et
2434 1892 2627 1962 argu-

655 1993 881 2047 mento
925 1979 1159 2047 horum
1206 1978 1538 2048 librorum.
1632 1981 2020 2050 Invaloecere
2049 1981 2224 2048 enim
2257 1980 2428 2049 banc
2463 1995 2632 2073 puto

654 2096 1045 2157 sententiam
1065 2142 1082 2172 ,
1132 2105 1274 2159 tum
1318 2090 1736 2175 Quinctiliani
1758 2143 1777 2174 ‚
1823 2106 1968 2160 tum
2013 2093 2202 2161 Gellii
2244 2093 2461 2162 locum
2491 2117 2629 2163 non

656 2218 837 2291 posse
871 2201 956 2267 ad
991 2201 1115 2269 hoc
1143 2201 1439 2269 volumen
1474 2202 1738 2283 referri,
1784 2203 1898 2270 sed
1931 2204 2255 2293 pertinere
2286 2205 2372 2272 ad
2406 2204 2630 2273 diver-

658 2334 801 2378 sum
836 2313 1168 2401 quoddam
1200 2312 1519 2381 Ciceronis
1555 2312 1917 2383 consilium.
2010 2316 2428 2400 Quinctiliani
2462 2321 2514 2385 1.
2546 2316 2628 2384 Ο.

657 2425 842 2504 XIII,
884 2429 1117 2505 3,10,
1152 2424 1307 2492 haec
1340 2425 1426 2492 de
1449 2425 1683 2494 Tullio:
1714 2450 1847 2492 mm
1872 2428 2062 2494 modo
2089 2433 2270 2495 inter
2300 2430 2633 2522 agundum

659 2558 1029 2622 numquam
1084 2551 1182 2602 eet
1240 2537 1605 2604 destitutae
1666 2544 1951 2607 ceteruia
1998 2546 2215 2623 iuria,
2258 2544 2378 2608 eod
2420 2547 2632 2609 ctiam

657 2671 1034 2735 componere
1079 2650 1321 2735 aliqua
1356 2650 1434 2714 de
1467 2676 1534 2716 eo
1565 2666 1879 2740 coeperat.
1973 2653 2160 2722 Gellii
2192 2659 2254 2738 Ι,
2306 2657 2425 2738 22,
2469 2656 2635 2724 haec

658 2758 849 2825 verba
880 2772 1070 2826 sunt:
1104 2759 1201 2826 M.
1233 2773 1457 2826 autem
1486 2763 1745 2843 Cicero,
1783 2767 1858 2828 in
1897 2765 2071 2830 libro
2102 2770 2226 2851 qui
2255 2769 2635 2855 incer-iptue

661 2883 760 2935 eet
808 2871 887 2934 de
933 2875 1084 2952 iure
1141 2874 1338 2938 civili
1386 2877 1465 2938 in
1508 2887 1727 2940 artem
1777 2876 2135 2966 redigendo
2152 2927 2170 2958 ‚
2233 2880 2427 2946 verba
2480 2881 2644 2946 haee

651 2986 927 3070 posuit.-
1009 2982 1195 3049 »Nee
1257 3009 1406 3050 vero
1470 2989 1757 3051 scientia
1820 2991 2005 3053 iuria
2066 2993 2441 3057 maioribus
2484 2994 2635 3058 nofe

665 3117 701 3158 »
721 3096 804 3183 Q.
824 3094 1064 3160 Aelim
1093 3095 1340 3160 Tubero
1366 3095 1619 3185 defuit,
1647 3085 1957 3165 doctrina
1984 3104 2194 3165 etiam
2218 3103 2636 3191 superfititJ’

667 3206 903 3272 Contra
938 3203 1095 3270 mihi
1130 3204 1387 3274 videtur
1420 3222 1701 3298 utraque
1733 3210 1985 3280 mentio
2016 3235 2091 3280 ex
2124 3211 2301 3282 libris
2334 3215 2425 3281 De
2451 3212 2636 3306 Legi·

568 3315 575 3320 '
670 3313 796 3382 bus
827 3313 1098 3387 fluxisse.
1175 3318 1372 3385 Multa
1394 3333 1549 3387 sunt
1585 3320 1826 3390 indicia
1857 3323 2092 3413 quibus
2128 3338 2420 3394 tenemus
2451 3324 2634 3395 Cice-

667 3449 895 3496 ronem
947 3426 1017 3493 in
1064 3427 1172 3496 illo
1221 3429 1542 3498 volumine
1590 3420 1730 3500 iura
1779 3433 1981 3503 civilia
2010 3440 2336 3505 Romanae
2364 3437 2640 3508 civitatis

665 3538 980 3629 explicare
1036 3539 1315 3608 voluisse.
1425 3541 1660 3609 Statim
1711 3547 1767 3625 Ι,
1826 3553 1900 3627 5,
1959 3551 2072 3627 16,
2123 3548 2305 3637 quod
2357 3547 2629 3631 dicitur,

666 3673 980 3738 quaerere
1023 3651 1264 3716 iisdem
1300 3650 1377 3715 de
1409 3653 1602 3718 rehtu
1635 3655 1912 3741 aliquid
1938 3657 2245 3738 uberim,
2289 3681 2495 3744 quam
2509 3659 2632 3747 fo-

664 3767 884 3828 remis
938 3787 1099 3828 uma
1150 3763 1518 3844 desiderat,
1583 3787 1720 3833 non
1771 3788 1846 3834 eo
1891 3768 2255 3836 excluditur
2296 3769 2632 3860 disciplina

666 3872 820 3941 iuris
852 3873 1048 3940 civilis
1066 3925 1085 3955 ‚
1120 3874 1232 3942 sed
1267 3875 1521 3943 doctius
1553 3876 2023 3946 instituendam
2056 3881 2630 3974 explicandamque

665 4008 793 4052 esse
828 3984 1087 4054 dicitur.
1180 3989 1402 4068 Porro,
1438 4011 1644 4079 quum
1673 3989 1951 4073 Atticus,
1986 3993 2225 4062 auditis
2253 4016 2421 4085 quae
2448 3993 2630 4085 prin-

662 4096 811 4187 cipii
848 4097 989 4164 loco
1020 4112 1317 4186 posuerat
1346 4098 1563 4167 Cicero
1586 4152 1605 4180 ,
1652 4100 1814 4170 dicit
1835 4104 1921 4194 (1,
1949 4105 2067 4183 10,
2099 4105 2251 4192 28),
2275 4120 2442 4173 eunt
2471 4108 2630 4172 haee
