<?xml version="1.0" encoding="UTF-8"?>
<!DOCTYPE html PUBLIC "-//W3C//DTD XHTML 1.0 Transitional//EN"
    "http://www.w3.org/TR/xhtml1/DTD/xhtml1-transitional.dtd">
<html xmlns="http://www.w3.org/1999/xhtml" xml:lang="en" lang="en">
 <head>
  <title>
</title>
<meta http-equiv="Content-Type" content="text/html;charset=utf-8" />
  <meta name='ocr-system' content='tesseract 3.04.00' />
  <meta name='ocr-capabilities' content='ocr_page ocr_carea ocr_par ocr_line ocrx_word'/>
</head>
<body>
  <div class='ocr_page' id='page_1' title='image "./mtulliiciceroni02bakegoog_0518.png"; bbox 0 0 3131 5032; ppageno 0'>
   <div class='ocr_carea' id='block_1_1' title="bbox 1117 449 2380 535">
    <p class='ocr_par' dir='ltr' id='par_1_1' title="bbox 1117 449 2380 535">
     <span class='ocr_line' id='line_1_1' title="bbox 1117 449 2380 535; baseline 0.003 -19"><span class='ocrx_word' id='word_1_1' title='bbox 1117 451 1255 518; x_wconf 76' lang='lat' dir='ltr'>Lm.</span> <span class='ocrx_word' id='word_1_2' title='bbox 1303 449 1373 534; x_wconf 89' lang='lat'>1,</span> <span class='ocrx_word' id='word_1_3' title='bbox 1420 453 1540 535; x_wconf 88' lang='lat'>23,</span> <span class='ocrx_word' id='word_1_4' title='bbox 1588 455 1693 517; x_wconf 89' lang='grc'>60.</span> <span class='ocrx_word' id='word_1_5' title='bbox 2255 457 2380 521; x_wconf 75' lang='lat'>449</span> 
     </span>
    </p>
   </div>
   <div class='ocr_carea' id='block_1_2' title="bbox 417 657 2407 4319">
    <p class='ocr_par' dir='ltr' id='par_1_2' title="bbox 417 657 2379 1040">
     <span class='ocr_line' id='line_1_2' title="bbox 417 657 2379 738; baseline -0.003 -14"><span class='ocrx_word' id='word_1_6' title='bbox 417 673 539 725; x_wconf 75' lang='lat' dir='ltr'>tate</span> <span class='ocrx_word' id='word_1_7' title='bbox 571 661 1014 723; x_wconf 79' lang='lat' dir='ltr'>domesticorum</span> <span class='ocrx_word' id='word_1_8' title='bbox 1048 671 1104 719; x_wconf 87' lang='lat' dir='ltr'>et</span> <span class='ocrx_word' id='word_1_9' title='bbox 1134 678 1373 718; x_wconf 82' lang='lat' dir='ltr'>suorum</span> <span class='ocrx_word' id='word_1_10' title='bbox 1401 667 1597 736; x_wconf 65' lang='lat' dir='ltr'>serpat</span> <span class='ocrx_word' id='word_1_11' title='bbox 1630 657 1865 738; x_wconf 83' lang='lat' dir='ltr'>longius</span> <span class='ocrx_word' id='word_1_12' title='bbox 1883 702 1903 732; x_wconf 94' lang='lat'>,</span> <span class='ocrx_word' id='word_1_13' title='bbox 1942 669 1999 717; x_wconf 89' lang='lat' dir='ltr'>et</span> <span class='ocrx_word' id='word_1_14' title='bbox 2029 679 2090 717; x_wconf 87' lang='lat' dir='ltr'>se</span> <span class='ocrx_word' id='word_1_15' title='bbox 2117 659 2379 738; x_wconf 69' lang='lat' dir='ltr'>implicet</span> 
     </span>
     <span class='ocr_line' id='line_1_3' title="bbox 420 762 2377 846; baseline -0.002 -20"><span class='ocrx_word' id='word_1_16' title='bbox 420 768 675 846; x_wconf 74' lang='lat' dir='ltr'>primum</span> <span class='ocrx_word' id='word_1_17' title='bbox 703 766 961 838; x_wconf 78' lang='lat' dir='ltr'>civium,</span> <span class='ocrx_word' id='word_1_18' title='bbox 986 762 1194 821; x_wconf 77' lang='lat' dir='ltr'>deinde</span> <span class='ocrx_word' id='word_1_19' title='bbox 1219 762 1555 820; x_wconf 67' lang='lat' dir='ltr'>mortalium</span> <span class='ocrx_word' id='word_1_20' title='bbox 1580 762 1841 819; x_wconf 82' lang='lat' dir='ltr'>omnium</span> <span class='ocrx_word' id='word_1_21' title='bbox 1863 763 2156 822; x_wconf 83' lang='lat' dir='ltr'>societate.</span> <span class='ocrx_word' id='word_1_22' title='bbox 2225 763 2377 822; x_wconf 86' lang='lat' dir='ltr'>Nam</span> 
     </span>
     <span class='ocr_line' id='line_1_4' title="bbox 421 859 2374 936; baseline -0.001 -9"><span class='ocrx_word' id='word_1_23' title='bbox 421 868 529 927; x_wconf 80' lang='lat' dir='ltr'>illa</span> <span class='ocrx_word' id='word_1_24' title='bbox 581 868 800 927; x_wconf 76' lang='lat' dir='ltr'>coritas</span> <span class='ocrx_word' id='word_1_25' title='bbox 843 883 1082 924; x_wconf 84' lang='lat' dir='ltr'>suorum</span> <span class='ocrx_word' id='word_1_26' title='bbox 1132 861 1216 921; x_wconf 86' lang='lat' dir='ltr'>ita</span> <span class='ocrx_word' id='word_1_27' title='bbox 1265 859 1554 920; x_wconf 80' lang='lat' dir='ltr'>naturalis</span> <span class='ocrx_word' id='word_1_28' title='bbox 1604 869 1725 936; x_wconf 80' lang='lat' dir='ltr'>est,</span> <span class='ocrx_word' id='word_1_29' title='bbox 1767 870 1835 922; x_wconf 89' lang='lat' dir='ltr'>ut</span> <span class='ocrx_word' id='word_1_30' title='bbox 1867 862 1932 922; x_wconf 88' lang='lat' dir='ltr'>iu</span> <span class='ocrx_word' id='word_1_31' title='bbox 1964 863 2165 923; x_wconf 75' lang='lat' dir='ltr'>bestiis</span> <span class='ocrx_word' id='word_1_32' title='bbox 2195 865 2374 925; x_wconf 82' lang='lat' dir='ltr'>etiam</span> 
     </span>
     <span class='ocr_line' id='line_1_5' title="bbox 421 962 2025 1040; baseline -0.001 -11"><span class='ocrx_word' id='word_1_33' title='bbox 421 969 973 1040; x_wconf 67' lang='lat' dir='ltr'><strong>animadvertatur,</strong></span> <span class='ocrx_word' id='word_1_34' title='bbox 1016 963 1177 1025; x_wconf 82' lang='lat' dir='ltr'>Lael.</span> <span class='ocrx_word' id='word_1_35' title='bbox 1211 962 1283 1039; x_wconf 84' lang='lat'>8,</span> <span class='ocrx_word' id='word_1_36' title='bbox 1324 963 1426 1024; x_wconf 89' lang='lat'>27.</span> <span class='ocrx_word' id='word_1_37' title='bbox 1468 962 1632 1023; x_wconf 81' lang='lat' dir='ltr'>offic.</span> <span class='ocrx_word' id='word_1_38' title='bbox 1664 963 1730 1040; x_wconf 87' lang='grc' dir='ltr'>Ι,</span> <span class='ocrx_word' id='word_1_39' title='bbox 1777 965 1886 1039; x_wconf 92' lang='lat'>17,</span> <span class='ocrx_word' id='word_1_40' title='bbox 1928 965 2025 1026; x_wconf 78' lang='lat'>54.</span> 
     </span>
    </p>

    <p class='ocr_par' dir='ltr' id='par_1_3' title="bbox 422 1067 2407 4236">
     <span class='ocr_line' id='line_1_6' title="bbox 504 1067 2375 1151; baseline -0.003 -17"><span class='ocrx_word' id='word_1_41' title='bbox 504 1074 834 1151; x_wconf 76' lang='lat' dir='ltr'>cultumque</span> <span class='ocrx_word' id='word_1_42' title='bbox 868 1070 1106 1128; x_wconf 81' lang='lat' dir='ltr'>deorum</span> <span class='ocrx_word' id='word_1_43' title='bbox 1137 1078 1195 1127; x_wconf 82' lang='lat' dir='ltr'>et</span> <span class='ocrx_word' id='word_1_44' title='bbox 1224 1088 1434 1146; x_wconf 79' lang='lat' dir='ltr'>puram</span> <span class='ocrx_word' id='word_1_45' title='bbox 1463 1067 1807 1148; x_wconf 75' lang='lat' dir='ltr'><strong><em>religionem</em></strong></span> <span class='ocrx_word' id='word_1_46' title='bbox 1833 1068 2175 1151; x_wconf 78' lang='lat' dir='ltr'>susceperit)</span> <span class='ocrx_word' id='word_1_47' title='bbox 2256 1071 2375 1132; x_wconf 87' lang='lat' dir='ltr'>Pu·-</span> 
     </span>
     <span class='ocr_line' id='line_1_7' title="bbox 423 1168 2379 1247; baseline -0.001 -11"><span class='ocrx_word' id='word_1_48' title='bbox 423 1196 547 1236; x_wconf 82' lang='lat' dir='ltr'>ram</span> <span class='ocrx_word' id='word_1_49' title='bbox 602 1177 718 1233; x_wconf 77' lang='grc' dir='ltr'>ἀπὸ</span> <span class='ocrx_word' id='word_1_50' title='bbox 771 1181 976 1232; x_wconf 73' lang='grc' dir='ltr'><strong><em>κοινοῦ</em></strong></span> <span class='ocrx_word' id='word_1_51' title='bbox 1025 1171 1279 1232; x_wconf 86' lang='lat' dir='ltr'>dietum.</span> <span class='ocrx_word' id='word_1_52' title='bbox 1362 1169 1493 1229; x_wconf 81' lang='lat' dir='ltr'>Nat.</span> <span class='ocrx_word' id='word_1_53' title='bbox 1534 1168 1604 1230; x_wconf 85' lang='lat' dir='ltr'>l).</span> <span class='ocrx_word' id='word_1_54' title='bbox 1648 1170 1712 1245; x_wconf 94' lang='lat'>1,</span> <span class='ocrx_word' id='word_1_55' title='bbox 1755 1170 1830 1245; x_wconf 87' lang='grc'>2,</span> <span class='ocrx_word' id='word_1_56' title='bbox 1872 1170 1942 1247; x_wconf 87' lang='lat'>3,</span> <span class='ocrx_word' id='word_1_57' title='bbox 1983 1173 2124 1233; x_wconf 72' lang='lat' dir='ltr'>hoec</span> <span class='ocrx_word' id='word_1_58' title='bbox 2175 1176 2379 1234; x_wconf 78' lang='lat' dir='ltr'>omnio</span> 
     </span>
     <span class='ocr_line' id='line_1_8' title="bbox 422 1271 2380 1361; baseline 0 -25"><span class='ocrx_word' id='word_1_59' title='bbox 422 1278 670 1361; x_wconf 77' lang='lat' dir='ltr'>(pietas,</span> <span class='ocrx_word' id='word_1_60' title='bbox 708 1276 1012 1349; x_wconf 75' lang='lat' dir='ltr'>sanctitas,</span> <span class='ocrx_word' id='word_1_61' title='bbox 1055 1271 1295 1354; x_wconf 87' lang='lat' dir='ltr'>religio)</span> <span class='ocrx_word' id='word_1_62' title='bbox 1319 1293 1471 1354; x_wconf 86' lang='lat' dir='ltr'>pure</span> <span class='ocrx_word' id='word_1_63' title='bbox 1504 1294 1579 1333; x_wconf 85' lang='lat' dir='ltr'>oo</span> <span class='ocrx_word' id='word_1_64' title='bbox 1611 1284 1767 1333; x_wconf 76' lang='lat' dir='ltr'>coste</span> <span class='ocrx_word' id='word_1_65' title='bbox 1802 1276 2110 1335; x_wconf 82' lang='lat' dir='ltr'>tribuendo</span> <span class='ocrx_word' id='word_1_66' title='bbox 2143 1277 2380 1338; x_wconf 80' lang='lat' dir='ltr'>deorum</span> 
     </span>
     <span class='ocr_line' id='line_1_9' title="bbox 423 1374 2381 1459; baseline 0 -18"><span class='ocrx_word' id='word_1_67' title='bbox 423 1383 665 1441; x_wconf 81' lang='lat' dir='ltr'>numini</span> <span class='ocrx_word' id='word_1_68' title='bbox 695 1391 852 1440; x_wconf 83' lang='lat' dir='ltr'>sunt.</span> <span class='ocrx_word' id='word_1_69' title='bbox 892 1408 966 1424; x_wconf 92' lang='lat'>-</span> <span class='ocrx_word' id='word_1_70' title='bbox 997 1374 1371 1456; x_wconf 82' lang='lat' dir='ltr'>Exquisitum</span> <span class='ocrx_word' id='word_1_71' title='bbox 1407 1383 1494 1435; x_wconf 77' lang='lat' dir='ltr'>eet</span> <span class='ocrx_word' id='word_1_72' title='bbox 1526 1377 1819 1454; x_wconf 80' lang='lat' dir='ltr'>suscipere</span> <span class='ocrx_word' id='word_1_73' title='bbox 1862 1380 2209 1459; x_wconf 69' lang='lat' dir='ltr'><strong><em>religionem</em></strong></span> <span class='ocrx_word' id='word_1_74' title='bbox 2242 1381 2381 1441; x_wconf 82' lang='lat' dir='ltr'>deo-</span> 
     </span>
     <span class='ocr_line' id='line_1_10' title="bbox 423 1478 2387 1562; baseline 0 -18"><span class='ocrx_word' id='word_1_75' title='bbox 423 1503 591 1560; x_wconf 85' lang='lat' dir='ltr'>rum,</span> <span class='ocrx_word' id='word_1_76' title='bbox 625 1482 910 1562; x_wconf 73' lang='lat' dir='ltr'>quoniam</span> <span class='ocrx_word' id='word_1_77' title='bbox 946 1500 1070 1540; x_wconf 87' lang='lat' dir='ltr'>non</span> <span class='ocrx_word' id='word_1_78' title='bbox 1103 1480 1189 1539; x_wconf 83' lang='lat' dir='ltr'>ita</span> <span class='ocrx_word' id='word_1_79' title='bbox 1221 1480 1511 1557; x_wconf 70' lang='lat' dir='ltr'><strong><em>suscipere</em></strong></span> <span class='ocrx_word' id='word_1_80' title='bbox 1545 1478 1942 1558; x_wconf 87' lang='lat' dir='ltr'>intelligitur,</span> <span class='ocrx_word' id='word_1_81' title='bbox 1975 1489 2045 1540; x_wconf 91' lang='lat' dir='ltr'>ut</span> <span class='ocrx_word' id='word_1_82' title='bbox 2076 1483 2285 1562; x_wconf 83' lang='lat' dir='ltr'>vulgo,</span> <span class='ocrx_word' id='word_1_83' title='bbox 2318 1486 2387 1544; x_wconf 89' lang='lat' dir='ltr'>in</span> 
     </span>
     <span class='ocr_line' id='line_1_11' title="bbox 428 1581 2390 1663; baseline 0.001 -18"><span class='ocrx_word' id='word_1_84' title='bbox 428 1586 738 1646; x_wconf 83' lang='lat' dir='ltr'>voluntate</span> <span class='ocrx_word' id='word_1_85' title='bbox 786 1584 1081 1663; x_wconf 75' lang='lat' dir='ltr'>positum,</span> <span class='ocrx_word' id='word_1_86' title='bbox 1142 1581 1243 1641; x_wconf 89' lang='lat' dir='ltr'>cui</span> <span class='ocrx_word' id='word_1_87' title='bbox 1299 1601 1354 1641; x_wconf 83' lang='lat' dir='ltr'>v.</span> <span class='ocrx_word' id='word_1_88' title='bbox 1408 1600 1463 1641; x_wconf 85' lang='lat' dir='ltr'>e.</span> <span class='ocrx_word' id='word_1_89' title='bbox 1513 1581 1791 1659; x_wconf 77' lang='lat' dir='ltr'>deponere</span> <span class='ocrx_word' id='word_1_90' title='bbox 1856 1592 2224 1662; x_wconf 76' lang='lat' dir='ltr'>opponatur:</span> <span class='ocrx_word' id='word_1_91' title='bbox 2283 1587 2390 1647; x_wconf 80' lang='lat' dir='ltr'>sed</span> 
     </span>
     <span class='ocr_line' id='line_1_12' title="bbox 425 1684 2391 1768; baseline 0.001 -19"><span class='ocrx_word' id='word_1_92' title='bbox 425 1686 850 1768; x_wconf 79' lang='lat' dir='ltr'>explicandum</span> <span class='ocrx_word' id='word_1_93' title='bbox 912 1694 1002 1746; x_wconf 78' lang='lat' dir='ltr'>eet</span> <span class='ocrx_word' id='word_1_94' title='bbox 1062 1685 1416 1744; x_wconf 82' lang='lat' dir='ltr'>»imbutum</span> <span class='ocrx_word' id='word_1_95' title='bbox 1475 1703 1600 1743; x_wconf 76' lang='lat' dir='ltr'>esse</span> <span class='ocrx_word' id='word_1_96' title='bbox 1656 1684 1950 1763; x_wconf 76' lang='lat' dir='ltr'>religione</span> <span class='ocrx_word' id='word_1_97' title='bbox 1968 1731 1986 1762; x_wconf 94' lang='lat'>,</span> <span class='ocrx_word' id='word_1_98' title='bbox 2043 1688 2391 1766; x_wconf 76' lang='lat' dir='ltr'>religiosum</span> 
     </span>
     <span class='ocr_line' id='line_1_13' title="bbox 429 1786 2393 1868; baseline -0.001 -16"><span class='ocrx_word' id='word_1_99' title='bbox 429 1811 603 1852; x_wconf 73' lang='lat' dir='ltr'>»esse</span> <span class='ocrx_word' id='word_1_100' title='bbox 618 1836 638 1866; x_wconf 93' lang='lat'>,</span> <span class='ocrx_word' id='word_1_101' title='bbox 678 1790 974 1868; x_wconf 78' lang='lat' dir='ltr'>religione</span> <span class='ocrx_word' id='word_1_102' title='bbox 1023 1796 1328 1867; x_wconf 78' lang='lat' dir='ltr'>tamquam</span> <span class='ocrx_word' id='word_1_103' title='bbox 1365 1786 1617 1847; x_wconf 82' lang='lat' dir='ltr'>teneri.&#39;’</span> <span class='ocrx_word' id='word_1_104' title='bbox 1699 1786 1933 1847; x_wconf 84' lang='lat' dir='ltr'>Erravit</span> <span class='ocrx_word' id='word_1_105' title='bbox 1968 1789 2154 1868; x_wconf 84' lang='lat' dir='ltr'>igitur</span> <span class='ocrx_word' id='word_1_106' title='bbox 2185 1791 2393 1852; x_wconf 69' lang='lat' dir='ltr'>Ernes-</span> 
     </span>
     <span class='ocr_line' id='line_1_14' title="bbox 432 1890 2395 1974; baseline -0.002 -18"><span class='ocrx_word' id='word_1_107' title='bbox 432 1903 529 1956; x_wconf 79' lang='lat' dir='ltr'>tns</span> <span class='ocrx_word' id='word_1_108' title='bbox 573 1914 769 1974; x_wconf 85' lang='lat' dir='ltr'>quum</span> <span class='ocrx_word' id='word_1_109' title='bbox 801 1893 960 1953; x_wconf 74' lang='lat' dir='ltr'>clav,</span> <span class='ocrx_word' id='word_1_110' title='bbox 1000 1891 1122 1952; x_wconf 81' lang='lat' dir='ltr'>cio.</span> <span class='ocrx_word' id='word_1_111' title='bbox 1158 1892 1266 1951; x_wconf 81' lang='lat' dir='ltr'>hos</span> <span class='ocrx_word' id='word_1_112' title='bbox 1297 1890 1422 1951; x_wconf 90' lang='lat' dir='ltr'>duo</span> <span class='ocrx_word' id='word_1_113' title='bbox 1450 1890 1614 1951; x_wconf 80' lang='lat' dir='ltr'>loeos</span> <span class='ocrx_word' id='word_1_114' title='bbox 1647 1901 2059 1969; x_wconf 79' lang='lat' dir='ltr'>componeret,</span> <span class='ocrx_word' id='word_1_115' title='bbox 2102 1894 2251 1955; x_wconf 90' lang='lat' dir='ltr'>Sull.</span> <span class='ocrx_word' id='word_1_116' title='bbox 2286 1894 2395 1972; x_wconf 85' lang='lat'>31,</span> 
     </span>
     <span class='ocr_line' id='line_1_15' title="bbox 432 1992 2395 2077; baseline 0.001 -21"><span class='ocrx_word' id='word_1_117' title='bbox 432 1997 543 2074; x_wconf 87' lang='lat'>87,</span> <span class='ocrx_word' id='word_1_118' title='bbox 583 1995 735 2077; x_wconf 79' lang='lat' dir='ltr'>(nisi</span> <span class='ocrx_word' id='word_1_119' title='bbox 783 2007 928 2055; x_wconf 83' lang='lat' dir='ltr'>esset</span> <span class='ocrx_word' id='word_1_120' title='bbox 976 1995 1255 2054; x_wconf 81' lang='lat' dir='ltr'>severitas</span> <span class='ocrx_word' id='word_1_121' title='bbox 1307 1994 1415 2053; x_wconf 83' lang='lat' dir='ltr'>illo</span> <span class='ocrx_word' id='word_1_122' title='bbox 1466 2005 1734 2073; x_wconf 76' lang='lat' dir='ltr'>suscepto</span> <span class='ocrx_word' id='word_1_123' title='bbox 1755 1992 1796 2074; x_wconf 91' lang='lat'>,)</span> <span class='ocrx_word' id='word_1_124' title='bbox 1838 2002 1898 2054; x_wconf 86' lang='lat' dir='ltr'>et</span> <span class='ocrx_word' id='word_1_125' title='bbox 1932 1994 2090 2055; x_wconf 79' lang='lat' dir='ltr'>Orat.</span> <span class='ocrx_word' id='word_1_126' title='bbox 2132 1996 2207 2056; x_wconf 90' lang='lat'>71</span> <span class='ocrx_word' id='word_1_127' title='bbox 2229 2042 2249 2072; x_wconf 93' lang='lat'>,</span> <span class='ocrx_word' id='word_1_128' title='bbox 2289 1996 2395 2058; x_wconf 85' lang='lat' dir='ltr'>fin.</span> 
     </span>
     <span class='ocr_line' id='line_1_16' title="bbox 430 2094 2402 2182; baseline 0 -23"><span class='ocrx_word' id='word_1_129' title='bbox 430 2099 753 2182; x_wconf 73' lang='lat' dir='ltr'>(scribendi</span> <span class='ocrx_word' id='word_1_130' title='bbox 783 2121 873 2159; x_wconf 84' lang='lat' dir='ltr'>me</span> <span class='ocrx_word' id='word_1_131' title='bbox 906 2097 1331 2177; x_wconf 80' lang='lat' dir='ltr'>impudentiam</span> <span class='ocrx_word' id='word_1_132' title='bbox 1369 2097 1690 2176; x_wconf 77' lang='lat' dir='ltr'>suscepisse</span> <span class='ocrx_word' id='word_1_133' title='bbox 1704 2094 1749 2175; x_wconf 90' lang='lat'>:)</span> <span class='ocrx_word' id='word_1_134' title='bbox 1788 2115 2051 2176; x_wconf 86' lang='lat' dir='ltr'>quornm</span> <span class='ocrx_word' id='word_1_135' title='bbox 2099 2097 2256 2157; x_wconf 86' lang='lat' dir='ltr'>illud</span> <span class='ocrx_word' id='word_1_136' title='bbox 2291 2119 2402 2160; x_wconf 83' lang='lat' dir='ltr'>vo-</span> 
     </span>
     <span class='ocr_line' id='line_1_17' title="bbox 436 2200 2403 2278; baseline 0.001 -14"><span class='ocrx_word' id='word_1_137' title='bbox 436 2204 685 2264; x_wconf 78' lang='lat' dir='ltr'>luntatis</span> <span class='ocrx_word' id='word_1_138' title='bbox 735 2211 893 2276; x_wconf 84' lang='lat' dir='ltr'>erat,</span> <span class='ocrx_word' id='word_1_139' title='bbox 952 2202 1068 2261; x_wconf 85' lang='lat' dir='ltr'>hoc</span> <span class='ocrx_word' id='word_1_140' title='bbox 1120 2201 1336 2259; x_wconf 83' lang='lat' dir='ltr'>vitium</span> <span class='ocrx_word' id='word_1_141' title='bbox 1398 2200 1595 2278; x_wconf 77' lang='lat' dir='ltr'>ipsum</span> <span class='ocrx_word' id='word_1_142' title='bbox 1651 2200 1841 2259; x_wconf 78' lang='lat' dir='ltr'>enimi</span> <span class='ocrx_word' id='word_1_143' title='bbox 1889 2200 2189 2277; x_wconf 77' lang='lat' dir='ltr'>declarat,</span> <span class='ocrx_word' id='word_1_144' title='bbox 2248 2202 2403 2265; x_wconf 81' lang='lat' dir='ltr'>sieut</span> 
     </span>
     <span class='ocr_line' id='line_1_18' title="bbox 437 2303 2404 2389; baseline 0 -22"><span class='ocrx_word' id='word_1_145' title='bbox 437 2309 784 2389; x_wconf 76' lang='lat' dir='ltr'>religionem</span> <span class='ocrx_word' id='word_1_146' title='bbox 805 2326 1024 2386; x_wconf 83' lang='lat' dir='ltr'>puram</span> <span class='ocrx_word' id='word_1_147' title='bbox 1069 2303 1302 2362; x_wconf 80' lang='lat' dir='ltr'>deorum</span> <span class='ocrx_word' id='word_1_148' title='bbox 1337 2304 1629 2381; x_wconf 78' lang='lat' dir='ltr'>suscipere</span> <span class='ocrx_word' id='word_1_149' title='bbox 1665 2303 1854 2381; x_wconf 77' lang='lat' dir='ltr'>ipsam</span> <span class='ocrx_word' id='word_1_150' title='bbox 1889 2304 2078 2363; x_wconf 82' lang='lat' dir='ltr'>animi</span> <span class='ocrx_word' id='word_1_151' title='bbox 2113 2305 2404 2367; x_wconf 81' lang='lat' dir='ltr'>virtutem</span> 
     </span>
     <span class='ocr_line' id='line_1_19' title="bbox 440 2405 2406 2486; baseline 0 -16"><span class='ocrx_word' id='word_1_152' title='bbox 440 2410 684 2470; x_wconf 81' lang='lat' dir='ltr'>indicat.</span> <span class='ocrx_word' id='word_1_153' title='bbox 768 2409 981 2469; x_wconf 78' lang='lat' dir='ltr'>Contra</span> <span class='ocrx_word' id='word_1_154' title='bbox 1015 2415 1241 2467; x_wconf 82' lang='lat' dir='ltr'>temere</span> <span class='ocrx_word' id='word_1_155' title='bbox 1274 2405 1741 2484; x_wconf 86' lang='lat' dir='ltr'>reprehenditur</span> <span class='ocrx_word' id='word_1_156' title='bbox 1779 2405 2059 2466; x_wconf 77' lang='lat' dir='ltr'>Ernestus</span> <span class='ocrx_word' id='word_1_157' title='bbox 2091 2408 2254 2486; x_wconf 83' lang='lat' dir='ltr'>apud</span> <span class='ocrx_word' id='word_1_158' title='bbox 2290 2409 2406 2471; x_wconf 77' lang='lat' dir='ltr'>Mo·</span> 
     </span>
     <span class='ocr_line' id='line_1_20' title="bbox 438 2506 2406 2590; baseline -0.002 -15"><span class='ocrx_word' id='word_1_159' title='bbox 438 2534 640 2575; x_wconf 83' lang='lat' dir='ltr'>serum</span> <span class='ocrx_word' id='word_1_160' title='bbox 693 2511 771 2572; x_wconf 79' lang='lat' dir='ltr'>ad</span> <span class='ocrx_word' id='word_1_161' title='bbox 823 2510 1019 2571; x_wconf 83' lang='lat' dir='ltr'>Divin.</span> <span class='ocrx_word' id='word_1_162' title='bbox 1057 2510 1122 2586; x_wconf 93' lang='lat'>1,</span> <span class='ocrx_word' id='word_1_163' title='bbox 1166 2509 1234 2584; x_wconf 80' lang='lat'>4,</span> <span class='ocrx_word' id='word_1_164' title='bbox 1277 2508 1343 2584; x_wconf 91' lang='grc'>7,</span> <span class='ocrx_word' id='word_1_165' title='bbox 1387 2508 1492 2568; x_wconf 90' lang='lat' dir='ltr'>ubi</span> <span class='ocrx_word' id='word_1_166' title='bbox 1542 2506 1941 2569; x_wconf 74' lang='lat' dir='ltr'>iudicandum</span> <span class='ocrx_word' id='word_1_167' title='bbox 1976 2529 2099 2570; x_wconf 80' lang='lat' dir='ltr'>esse</span> <span class='ocrx_word' id='word_1_168' title='bbox 2131 2510 2406 2590; x_wconf 82' lang='lat' dir='ltr'>dixerat,</span> 
     </span>
     <span class='ocr_line' id='line_1_21' title="bbox 438 2611 2406 2698; baseline 0 -21"><span class='ocrx_word' id='word_1_169' title='bbox 438 2628 722 2698; x_wconf 75' lang='lat' dir='ltr'>quantum</span> <span class='ocrx_word' id='word_1_170' title='bbox 748 2616 1040 2695; x_wconf 80' lang='lat' dir='ltr'>auspiciis</span> <span class='ocrx_word' id='word_1_171' title='bbox 1068 2614 1346 2691; x_wconf 78' lang='lat' dir='ltr'>rebusque</span> <span class='ocrx_word' id='word_1_172' title='bbox 1377 2611 1607 2672; x_wconf 81' lang='lat' dir='ltr'>divinis</span> <span class='ocrx_word' id='word_1_173' title='bbox 1641 2612 2032 2694; x_wconf 74' lang='lat' dir='ltr'>religionique</span> <span class='ocrx_word' id='word_1_174' title='bbox 2058 2615 2406 2677; x_wconf 81' lang='lat' dir='ltr'>tribuamus.</span> 
     </span>
     <span class='ocr_line' id='line_1_22' title="bbox 438 2716 2402 2798; baseline -0.001 -17"><span class='ocrx_word' id='word_1_175' title='bbox 438 2722 551 2781; x_wconf 85' lang='lat' dir='ltr'>Est</span> <span class='ocrx_word' id='word_1_176' title='bbox 583 2721 743 2779; x_wconf 74' lang='lat' dir='ltr'>enim</span> <span class='ocrx_word' id='word_1_177' title='bbox 766 2718 1101 2798; x_wconf 80' lang='lat' dir='ltr'>perieulum</span> <span class='ocrx_word' id='word_1_178' title='bbox 1118 2761 1136 2790; x_wconf 96' lang='lat'>,</span> <span class='ocrx_word' id='word_1_179' title='bbox 1178 2736 1248 2774; x_wconf 86' lang='lat' dir='ltr'>ne</span> <span class='ocrx_word' id='word_1_180' title='bbox 1284 2727 1420 2788; x_wconf 83' lang='lat' dir='ltr'>out,</span> <span class='ocrx_word' id='word_1_181' title='bbox 1462 2716 1744 2798; x_wconf 82' lang='lat' dir='ltr'>neglectis</span> <span class='ocrx_word' id='word_1_182' title='bbox 1779 2718 1892 2791; x_wconf 86' lang='lat' dir='ltr'>iis,</span> <span class='ocrx_word' id='word_1_183' title='bbox 1934 2718 2123 2797; x_wconf 81' lang='lat' dir='ltr'>impio</span> <span class='ocrx_word' id='word_1_184' title='bbox 2137 2719 2364 2798; x_wconf 81' lang='lat' dir='ltr'>froude</span> <span class='ocrx_word' id='word_1_185' title='bbox 2382 2765 2402 2796; x_wconf 96' lang='lat'>,</span> 
     </span>
     <span class='ocr_line' id='line_1_23' title="bbox 442 2818 2405 2901; baseline 0.001 -19"><span class='ocrx_word' id='word_1_186' title='bbox 442 2833 547 2882; x_wconf 79' lang='lat' dir='ltr'>out</span> <span class='ocrx_word' id='word_1_187' title='bbox 562 2867 580 2896; x_wconf 94' lang='lat'>,</span> <span class='ocrx_word' id='word_1_188' title='bbox 635 2822 950 2901; x_wconf 82' lang='lat' dir='ltr'>susceptis,</span> <span class='ocrx_word' id='word_1_189' title='bbox 1009 2819 1166 2879; x_wconf 80' lang='lat' dir='ltr'>anili</span> <span class='ocrx_word' id='word_1_190' title='bbox 1215 2818 1630 2897; x_wconf 70' lang='lat' dir='ltr'>superstitione</span> <span class='ocrx_word' id='word_1_191' title='bbox 1685 2818 2028 2900; x_wconf 78' lang='lat' dir='ltr'>obligemur.</span> <span class='ocrx_word' id='word_1_192' title='bbox 2108 2821 2259 2881; x_wconf 78' lang='lat' dir='ltr'>Nam</span> <span class='ocrx_word' id='word_1_193' title='bbox 2298 2821 2405 2883; x_wconf 81' lang='lat' dir='ltr'>hie</span> 
     </span>
     <span class='ocr_line' id='line_1_24' title="bbox 441 2921 2402 3005; baseline 0.002 -23"><span class='ocrx_word' id='word_1_194' title='bbox 441 2923 694 3005; x_wconf 85' lang='lat' dir='ltr'>quidem</span> <span class='ocrx_word' id='word_1_195' title='bbox 730 2924 1050 3002; x_wconf 71' lang='lat' dir='ltr'>suscipere,</span> <span class='ocrx_word' id='word_1_196' title='bbox 1090 2921 1191 2981; x_wconf 85' lang='lat' dir='ltr'>cui</span> <span class='ocrx_word' id='word_1_197' title='bbox 1230 2921 1551 2999; x_wconf 82' lang='lat' dir='ltr'>opponitur</span> <span class='ocrx_word' id='word_1_198' title='bbox 1588 2921 1883 3002; x_wconf 77' lang='lat' dir='ltr'>negligere</span> <span class='ocrx_word' id='word_1_199' title='bbox 1901 2967 1919 2997; x_wconf 91' lang='lat'>,</span> <span class='ocrx_word' id='word_1_200' title='bbox 1961 2930 2047 2982; x_wconf 77' lang='lat' dir='ltr'>est</span> <span class='ocrx_word' id='word_1_201' title='bbox 2082 2944 2373 3004; x_wconf 76' lang='lat' dir='ltr'>usurpare</span> <span class='ocrx_word' id='word_1_202' title='bbox 2382 2972 2402 3002; x_wconf 90' lang='lat'>,</span> 
     </span>
     <span class='ocr_line' id='line_1_25' title="bbox 444 3022 2403 3102; baseline 0.001 -14"><span class='ocrx_word' id='word_1_203' title='bbox 444 3026 791 3088; x_wconf 75' lang='lat' dir='ltr'>admittere:</span> <span class='ocrx_word' id='word_1_204' title='bbox 842 3023 1176 3102; x_wconf 86' lang='lat' dir='ltr'>eodemque</span> <span class='ocrx_word' id='word_1_205' title='bbox 1219 3022 1395 3083; x_wconf 89' lang='lat' dir='ltr'>modo</span> <span class='ocrx_word' id='word_1_206' title='bbox 1431 3022 1578 3085; x_wconf 85' lang='lat' dir='ltr'>ibid.</span> <span class='ocrx_word' id='word_1_207' title='bbox 1615 3023 1677 3082; x_wconf 91' lang='grc' dir='ltr'>ΙΙ</span> <span class='ocrx_word' id='word_1_208' title='bbox 1694 3069 1714 3099; x_wconf 91' lang='grc'>,</span> <span class='ocrx_word' id='word_1_209' title='bbox 1755 3022 1870 3099; x_wconf 88' lang='grc'>39,</span> <span class='ocrx_word' id='word_1_210' title='bbox 1911 3023 1990 3087; x_wconf 80' lang='lat'>83</span> <span class='ocrx_word' id='word_1_211' title='bbox 2008 3071 2026 3101; x_wconf 89' lang='lat'>,</span> <span class='ocrx_word' id='word_1_212' title='bbox 2067 3026 2175 3087; x_wconf 85' lang='lat' dir='ltr'>ubi</span> <span class='ocrx_word' id='word_1_213' title='bbox 2206 3048 2403 3091; x_wconf 81' lang='lat' dir='ltr'>sermo</span> 
     </span>
     <span class='ocr_line' id='line_1_26' title="bbox 441 3125 2405 3211; baseline 0.001 -21"><span class='ocrx_word' id='word_1_214' title='bbox 441 3138 533 3191; x_wconf 73' lang='lat' dir='ltr'>est</span> <span class='ocrx_word' id='word_1_215' title='bbox 584 3128 661 3189; x_wconf 89' lang='lat' dir='ltr'>de</span> <span class='ocrx_word' id='word_1_216' title='bbox 713 3128 924 3187; x_wconf 74' lang='lat' dir='ltr'>avibus</span> <span class='ocrx_word' id='word_1_217' title='bbox 956 3135 1016 3187; x_wconf 82' lang='lat' dir='ltr'>et</span> <span class='ocrx_word' id='word_1_218' title='bbox 1048 3126 1125 3185; x_wconf 89' lang='lat' dir='ltr'>de</span> <span class='ocrx_word' id='word_1_219' title='bbox 1159 3125 1370 3204; x_wconf 80' lang='lat' dir='ltr'>signis,</span> <span class='ocrx_word' id='word_1_220' title='bbox 1401 3129 1631 3206; x_wconf 80' lang='lat' dir='ltr'>partim</span> <span class='ocrx_word' id='word_1_221' title='bbox 1665 3129 1869 3186; x_wconf 69' lang='lat' dir='ltr'>luorum</span> <span class='ocrx_word' id='word_1_222' title='bbox 1908 3147 2094 3187; x_wconf 79' lang='lat' dir='ltr'>errore</span> <span class='ocrx_word' id='word_1_223' title='bbox 2135 3144 2405 3211; x_wconf 80' lang='lat' dir='ltr'>suscepta</span> 
     </span>
     <span class='ocr_line' id='line_1_27' title="bbox 440 3229 2400 3313; baseline 0 -19"><span class='ocrx_word' id='word_1_224' title='bbox 440 3255 595 3309; x_wconf 85' lang='lat' dir='ltr'>esse,</span> <span class='ocrx_word' id='word_1_225' title='bbox 649 3234 873 3313; x_wconf 78' lang='lat' dir='ltr'>partim</span> <span class='ocrx_word' id='word_1_226' title='bbox 925 3232 1370 3311; x_wconf 77' lang='lat' dir='ltr'>superstitione,</span> <span class='ocrx_word' id='word_1_227' title='bbox 1413 3229 1597 3289; x_wconf 81' lang='lat' dir='ltr'>multa</span> <span class='ocrx_word' id='word_1_228' title='bbox 1629 3230 1924 3309; x_wconf 81' lang='lat' dir='ltr'>fallendo:</span> <span class='ocrx_word' id='word_1_229' title='bbox 1967 3238 2096 3290; x_wconf 90' lang='lat' dir='ltr'>tum</span> <span class='ocrx_word' id='word_1_230' title='bbox 2130 3231 2243 3308; x_wconf 85' lang='lat'>40,</span> <span class='ocrx_word' id='word_1_231' title='bbox 2285 3232 2400 3311; x_wconf 85' lang='lat'>84,</span> 
     </span>
     <span class='ocr_line' id='line_1_28' title="bbox 442 3332 2405 3417; baseline 0 -20"><span class='ocrx_word' id='word_1_232' title='bbox 442 3357 591 3417; x_wconf 82' lang='lat' dir='ltr'>quae</span> <span class='ocrx_word' id='word_1_233' title='bbox 626 3339 687 3396; x_wconf 87' lang='lat' dir='ltr'>si</span> <span class='ocrx_word' id='word_1_234' title='bbox 714 3335 1142 3415; x_wconf 78' lang='lat' dir='ltr'>suscipiamus.-</span> <span class='ocrx_word' id='word_1_235' title='bbox 1183 3341 1244 3393; x_wconf 85' lang='lat' dir='ltr'>et</span> <span class='ocrx_word' id='word_1_236' title='bbox 1279 3332 1394 3407; x_wconf 86' lang='lat'>54,</span> <span class='ocrx_word' id='word_1_237' title='bbox 1440 3332 1592 3408; x_wconf 90' lang='lat'>112,</span> <span class='ocrx_word' id='word_1_238' title='bbox 1632 3333 1976 3413; x_wconf 79' lang='lat' dir='ltr'>valeantque</span> <span class='ocrx_word' id='word_1_239' title='bbox 2009 3335 2090 3393; x_wconf 81' lang='lat' dir='ltr'>ad</span> <span class='ocrx_word' id='word_1_240' title='bbox 2122 3335 2405 3414; x_wconf 79' lang='lat' dir='ltr'>deponen-</span> 
     </span>
     <span class='ocr_line' id='line_1_29' title="bbox 440 3436 2405 3519; baseline -0.001 -19"><span class='ocrx_word' id='word_1_241' title='bbox 440 3440 550 3500; x_wconf 85' lang='lat' dir='ltr'>‹los</span> <span class='ocrx_word' id='word_1_242' title='bbox 588 3442 831 3519; x_wconf 67' lang='lat' dir='ltr'>potius,</span> <span class='ocrx_word' id='word_1_243' title='bbox 857 3458 1034 3518; x_wconf 75' lang='lat' dir='ltr'>quom</span> <span class='ocrx_word' id='word_1_244' title='bbox 1069 3437 1150 3496; x_wconf 76' lang='lat' dir='ltr'>od</span> <span class='ocrx_word' id='word_1_245' title='bbox 1179 3436 1585 3514; x_wconf 81' lang='lat' dir='ltr'>suscipiendos</span> <span class='ocrx_word' id='word_1_246' title='bbox 1624 3438 1969 3518; x_wconf 84' lang='lat' dir='ltr'>religiones.-</span> <span class='ocrx_word' id='word_1_247' title='bbox 2008 3456 2167 3516; x_wconf 85' lang='lat' dir='ltr'>quae</span> <span class='ocrx_word' id='word_1_248' title='bbox 2200 3439 2405 3507; x_wconf 84' lang='lat' dir='ltr'>omniu</span> 
     </span>
     <span class='ocr_line' id='line_1_30' title="bbox 446 3538 2405 3622; baseline 0 -19"><span class='ocrx_word' id='word_1_249' title='bbox 446 3543 512 3603; x_wconf 88' lang='lat' dir='ltr'>in</span> <span class='ocrx_word' id='word_1_250' title='bbox 547 3543 856 3602; x_wconf 78' lang='lat' dir='ltr'>voluntate</span> <span class='ocrx_word' id='word_1_251' title='bbox 892 3549 954 3601; x_wconf 86' lang='lat' dir='ltr'>et</span> <span class='ocrx_word' id='word_1_252' title='bbox 985 3540 1237 3601; x_wconf 77' lang='lat' dir='ltr'>oonsilio</span> <span class='ocrx_word' id='word_1_253' title='bbox 1269 3538 1561 3599; x_wconf 78' lang='lat' dir='ltr'>dicuntur</span> <span class='ocrx_word' id='word_1_254' title='bbox 1573 3586 1593 3616; x_wconf 93' lang='lat'>,</span> <span class='ocrx_word' id='word_1_255' title='bbox 1632 3558 2071 3619; x_wconf 84' lang='lat' dir='ltr'>perperamque</span> <span class='ocrx_word' id='word_1_256' title='bbox 2104 3541 2405 3622; x_wconf 86' lang='lat' dir='ltr'>interpre-</span> 
     </span>
     <span class='ocr_line' id='line_1_31' title="bbox 452 3643 2405 3725; baseline 0.002 -20"><span class='ocrx_word' id='word_1_257' title='bbox 452 3652 612 3705; x_wconf 78' lang='lat' dir='ltr'>tatur</span> <span class='ocrx_word' id='word_1_258' title='bbox 637 3645 893 3705; x_wconf 69' lang='lat' dir='ltr'>Mosei-us</span> <span class='ocrx_word' id='word_1_259' title='bbox 922 3666 1165 3704; x_wconf 82' lang='lat' dir='ltr'>assensu</span> <span class='ocrx_word' id='word_1_260' title='bbox 1197 3644 1581 3725; x_wconf 81' lang='lat' dir='ltr'>comprobare.</span> <span class='ocrx_word' id='word_1_261' title='bbox 1665 3643 1909 3719; x_wconf 77' lang='lat' dir='ltr'>Contra,</span> <span class='ocrx_word' id='word_1_262' title='bbox 1942 3666 2135 3725; x_wconf 85' lang='lat' dir='ltr'>quum</span> <span class='ocrx_word' id='word_1_263' title='bbox 2165 3667 2286 3707; x_wconf 88' lang='lat' dir='ltr'>non</span> <span class='ocrx_word' id='word_1_264' title='bbox 2325 3647 2405 3709; x_wconf 89' lang='lat' dir='ltr'>de</span> 
     </span>
     <span class='ocr_line' id='line_1_32' title="bbox 451 3745 2400 3827; baseline 0.004 -23"><span class='ocrx_word' id='word_1_265' title='bbox 451 3747 594 3827; x_wconf 74' lang='lat' dir='ltr'>ipsis</span> <span class='ocrx_word' id='word_1_266' title='bbox 640 3745 922 3806; x_wconf 79' lang='lat' dir='ltr'>institutis</span> <span class='ocrx_word' id='word_1_267' title='bbox 952 3754 1057 3805; x_wconf 76' lang='lat' dir='ltr'>aut</span> <span class='ocrx_word' id='word_1_268' title='bbox 1092 3746 1308 3806; x_wconf 77' lang='lat' dir='ltr'>ritihus</span> <span class='ocrx_word' id='word_1_269' title='bbox 1350 3746 1578 3824; x_wconf 77' lang='lat' dir='ltr'>agitur,</span> <span class='ocrx_word' id='word_1_270' title='bbox 1618 3746 1721 3806; x_wconf 75' lang='lat' dir='ltr'>sed</span> <span class='ocrx_word' id='word_1_271' title='bbox 1752 3746 1829 3807; x_wconf 90' lang='lat' dir='ltr'>de</span> <span class='ocrx_word' id='word_1_272' title='bbox 1863 3747 2052 3808; x_wconf 84' lang='lat' dir='ltr'>animi</span> <span class='ocrx_word' id='word_1_273' title='bbox 2088 3749 2185 3808; x_wconf 84' lang='lat' dir='ltr'>vel</span> <span class='ocrx_word' id='word_1_274' title='bbox 2219 3749 2400 3817; x_wconf 82' lang='lat' dir='ltr'>vitio,</span> 
     </span>
     <span class='ocr_line' id='line_1_33' title="bbox 455 3848 2407 3929; baseline 0.002 -21"><span class='ocrx_word' id='word_1_275' title='bbox 455 3848 554 3909; x_wconf 76' lang='lat' dir='ltr'>vel</span> <span class='ocrx_word' id='word_1_276' title='bbox 605 3848 864 3922; x_wconf 81' lang='lat' dir='ltr'>virtute,</span> <span class='ocrx_word' id='word_1_277' title='bbox 921 3850 1212 3926; x_wconf 80' lang='lat' dir='ltr'>suscipere</span> <span class='ocrx_word' id='word_1_278' title='bbox 1262 3849 1325 3908; x_wconf 90' lang='lat' dir='ltr'>in</span> <span class='ocrx_word' id='word_1_279' title='bbox 1372 3849 1595 3910; x_wconf 73' lang='lat' dir='ltr'>virtute</span> <span class='ocrx_word' id='word_1_280' title='bbox 1643 3849 1806 3910; x_wconf 89' lang='lat' dir='ltr'>idem</span> <span class='ocrx_word' id='word_1_281' title='bbox 1842 3858 1931 3910; x_wconf 79' lang='lat' dir='ltr'>est</span> <span class='ocrx_word' id='word_1_282' title='bbox 1964 3859 2145 3929; x_wconf 78' lang='lat' dir='ltr'>atque</span> <span class='ocrx_word' id='word_1_283' title='bbox 2180 3863 2407 3912; x_wconf 77' lang='lat' dir='ltr'>eontra-</span> 
     </span>
     <span class='ocr_line' id='line_1_34' title="bbox 452 3950 2406 4032; baseline 0.001 -21"><span class='ocrx_word' id='word_1_284' title='bbox 452 3951 583 4011; x_wconf 70' lang='lat' dir='ltr'>ltere</span> <span class='ocrx_word' id='word_1_285' title='bbox 624 3951 689 4011; x_wconf 90' lang='lat' dir='ltr'>in</span> <span class='ocrx_word' id='word_1_286' title='bbox 738 3951 953 4030; x_wconf 78' lang='lat' dir='ltr'>culpa,</span> <span class='ocrx_word' id='word_1_287' title='bbox 1012 3958 1075 4012; x_wconf 88' lang='lat' dir='ltr'>et</span> <span class='ocrx_word' id='word_1_288' title='bbox 1125 3950 1336 4012; x_wconf 89' lang='lat' dir='ltr'>eodem</span> <span class='ocrx_word' id='word_1_289' title='bbox 1382 3951 1561 4013; x_wconf 90' lang='lat' dir='ltr'>modo</span> <span class='ocrx_word' id='word_1_290' title='bbox 1612 3953 1979 4032; x_wconf 82' lang='lat' dir='ltr'>scripturum</span> <span class='ocrx_word' id='word_1_291' title='bbox 2021 3953 2200 4013; x_wconf 76' lang='lat' dir='ltr'>fuisse</span> <span class='ocrx_word' id='word_1_292' title='bbox 2233 3952 2406 4012; x_wconf 83' lang='lat' dir='ltr'>Cice-</span> 
     </span>
     <span class='ocr_line' id='line_1_35' title="bbox 454 4054 2407 4134; baseline 0.001 -19"><span class='ocrx_word' id='word_1_293' title='bbox 454 4073 665 4115; x_wconf 81' lang='lat' dir='ltr'>ronem</span> <span class='ocrx_word' id='word_1_294' title='bbox 727 4062 907 4132; x_wconf 87' lang='lat' dir='ltr'>puto,</span> <span class='ocrx_word' id='word_1_295' title='bbox 954 4054 1267 4133; x_wconf 72' lang='lat' dir='ltr'>fraudem,</span> <span class='ocrx_word' id='word_1_296' title='bbox 1324 4056 1786 4133; x_wconf 73' lang='lat' dir='ltr'>superstitionem</span> <span class='ocrx_word' id='word_1_297' title='bbox 1846 4056 2167 4134; x_wconf 78' lang='lat' dir='ltr'>suscipere,</span> <span class='ocrx_word' id='word_1_298' title='bbox 2222 4074 2407 4134; x_wconf 78' lang='lat' dir='ltr'>quam</span> 
     </span>
     <span class='ocr_line' id='line_1_36' title="bbox 455 4157 820 4236; baseline -0.011 -17"><span class='ocrx_word' id='word_1_299' title='bbox 455 4157 820 4236; x_wconf 70' lang='lat' dir='ltr'>mligionen.</span> 
     </span>
    </p>

    <p class='ocr_par' dir='ltr' id='par_1_4' title="bbox 2072 4260 2150 4319">
     <span class='ocr_line' id='line_1_37' title="bbox 2072 4260 2150 4319; baseline 0 0"><span class='ocrx_word' id='word_1_300' title='bbox 2072 4260 2150 4319; x_wconf 76' lang='lat'>29</span> 
     </span>
    </p>
   </div>
  </div>
 </body>
</html>
