3131 5032
663 458 795 526 310
1363 451 1506 517 Lm.
1553 451 1623 535 1,
1668 454 1748 533 4,
1807 453 1907 516 1¹1.

670 664 905 741 copiam
930 670 993 721 et
1020 679 1196 720 usum
1237 659 1561 738 praebere:
1605 655 1941 715 Emendatt.
1979 654 2030 715 1.
2067 674 2128 733 p.
2165 654 2227 714 6.
2305 653 2474 714 Nihil
2509 654 2628 715 ho-
2681 713 2691 728 ,

670 784 812 825 rum
843 764 1086 844 probari
1117 769 1327 842 potest.
1408 761 1512 821 Ad
1526 760 1815 840 populum
1859 759 2050 819 diem
2085 765 2174 817 est
2206 758 2275 816 in
2304 757 2472 819 Brut.
2510 758 2588 819 14
2607 804 2627 833 ,

673 868 786 928 57:
829 886 953 926 non
984 863 1250 944 pertinet
1282 861 1361 921 ad
1394 861 1952 922 iurisconsultorum
1984 860 2446 921 consultationes
2462 905 2481 935 ‚
2520 862 2627 921 sed

672 971 740 1029 in
763 968 1180 1045 concionibus,
1211 975 1273 1027 et
1299 967 1363 1025 in
1387 964 1630 1025 iudiciis
1654 963 1915 1044 publicis
1945 964 2170 1024 dicitur
2181 1010 2200 1040 ,
2229 963 2297 1023 id
2318 963 2484 1044 quod
2510 965 2627 1043 ipsi

666 1073 905 1134 Liviani
938 1072 1056 1132 loci
1090 1070 1498 1130 demonstrant
1513 1115 1532 1145 ‚
1572 1088 1723 1148 quos
1753 1068 2046 1129 indicavit
2075 1069 2174 1128 vir
2204 1069 2626 1149 praestantissi-

667 1195 831 1253 mus3
885 1173 1108 1254 quibus
1155 1171 1313 1232 addo
1362 1172 1472 1232 hos
1521 1172 1737 1253 (quum
1776 1172 1920 1232 alios
1954 1172 2341 1250 apposuerint
2374 1171 2629 1252 Inttpp.)

665 1276 782 1352 IV,
822 1276 932 1353 21,
975 1275 1032 1336 4.
1070 1273 1155 1352 V,
1195 1274 1305 1351 20,
1345 1276 1406 1337 7.
1447 1275 1643 1350 XXII,
1682 1274 1797 1351 26,
1839 1272 1898 1336 6.
1978 1275 2131 1335 Tum
2169 1284 2472 1356 praestare
2524 1278 2626 1335 ius

663 1379 1005 1458 intelligere
1030 1397 1298 1457 possum,
1332 1378 1380 1436 si
1407 1377 1485 1438 de
1512 1378 1888 1456 singulorum
1917 1378 2054 1438 inre
2086 1380 2153 1437 in
2174 1378 2425 1457 singulis
2443 1378 2630 1438 rebus

669 1482 896 1543 dicitur
909 1529 928 1559 ,
969 1501 1091 1541 non
1125 1481 1271 1540 item
1320 1482 1419 1540 ius
1453 1482 1633 1541 civile
1668 1493 1981 1561 praestare.
2061 1481 2112 1540 N
2113 1501 2194 1541 on
2230 1479 2626 1559 excogitavi·-

672 1596 807 1648 sent
837 1604 964 1646 vm
987 1584 1154 1659 docti
1189 1604 1288 1659 ea,
1315 1603 1472 1664 quae
1505 1603 1616 1663 per
1646 1584 1937 1644 sermonis
1970 1603 2158 1643 usum»
2177 1584 2420 1663 probari
2454 1584 2628 1645 nullo

669 1690 850 1751 modo
876 1695 1153 1768 possunt,
1186 1688 1236 1746 si
1263 1688 1696 1767 reputavissent
1719 1687 2050 1746 absurdum
2079 1706 2204 1747 esse
2225 1686 2436 1747 uthoc
2461 1686 2627 1748 dixe-

668 1795 752 1855 rit
800 1794 1008 1853 Cicero
1023 1839 1041 1869 ,
1098 1791 1659 1852 iurisconsultorum
1710 1808 1956 1869 operam
2004 1791 2270 1869 ipsorum
2315 1790 2628 1851 voluntate

667 1897 992 1979 (praestare
1044 1894 1377 1976 voluerunt)
1430 1893 1611 1954 fuisse
1651 1893 2184 1973 circumscriptam.
2266 1893 2427 1969 Quid
2457 1894 2627 1953 enim

671 2018 936 2078 aequum
963 1997 1153 2076 magis
1174 2005 1289 2073 est,
1331 2015 1516 2076 quam
1548 1996 1809 2056 indicari
1834 1997 2061 2076 potius,
2102 1996 2239 2057 ideo
2262 2004 2385 2056 tam
2413 2016 2624 2075 angus·

668 2103 746 2162 tis
794 2101 1017 2161 finibus
1068 2118 1279 2161 eorum
1334 2118 1556 2161 munus
1591 2099 1772 2160 fuisse
1806 2101 2229 2174 terminatum,
2270 2099 2438 2178 qnod
2469 2099 2630 2159 nihil

669 2213 909 2285 praeter
962 2202 1220 2263 humilia
1265 2202 1379 2264 ista
1410 2202 1490 2262 de
1522 2202 1873 2280 stillicidiis,
1915 2203 1994 2264 de
2023 2202 2387 2282 parietibus,
2423 2200 2630 2282 deque

668 2308 965 2368 similibus
1016 2306 1195 2366 rebus
1209 2352 1228 2383 ,
1271 2306 1348 2366 ad
1400 2308 1556 2386 ipsos
1607 2305 2030 2367 deserebatur?
2082 2307 2483 2385 Quapropter,
2525 2304 2625 2367 ds-

670 2420 875 2472 mnata
890 2412 1185 2471 librorum
1205 2411 1485 2488 lectione,
1503 2410 1679 2470 cuius
1694 2411 1841 2471 vitia
1857 2410 2138 2471 omnibus
2153 2429 2295 2470 sane
2305 2409 2629 2471 Codicibns

672 2516 997 2577 vetustiora
1038 2522 1212 2591 sunt,
1252 2534 1377 2575 non
1426 2513 1738 2574 intercedo
1791 2514 1942 2594 quin
1996 2513 2101 2574 alii
2152 2534 2223 2574 ea
2258 2512 2624 2590 extundant‚

668 2637 828 2700 quae
851 2618 1099 2698 propius
1128 2616 1207 2677 ad
1232 2618 1674 2677 elementorum
1704 2616 1956 2678 sormam
1984 2617 2301 2693 accedant,
2338 2617 2442 2678 sed
2468 2618 2624 2677 mihi

669 2721 914 2781 videtur
935 2721 1231 2799 scripsisse
1244 2721 1477 2794 Cicero,
1506 2721 1705 2800 quoad
1712 2721 1930 2801 populo
1950 2721 2149 2779 deberi
2166 2722 2457 2782 viderunt.
2507 2719 2625 2781 Po·

656 2826 872 2906 pulum
888 2819 1173 2902 intelligit
1195 2823 1486 2903 privatos,
1513 2823 1860 2904 horumque
1887 2825 2146 2903 privatas
2167 2825 2626 2904 controversias,

668 2928 822 2987 sicut
872 2926 1054 2987 modo
1104 2928 1478 3007 interpretari
1506 2928 1729 3007 populo
1748 2972 1767 3003 ,
1809 2935 1871 2988 et
1898 2927 2065 2988 Brut.
2102 2927 2180 2987 52
2198 2974 2216 3003 ,
2261 2927 2407 3004 196,
2448 2925 2629 3009 quen

668 3031 993 3111 captiosum
1030 3047 1149 3087 esse
1173 3029 1434 3108 populo:
1475 3036 1537 3088 et
1572 3027 1741 3088 Verr.
1780 3028 1844 3105 1,
1886 3028 1988 3105 43,
2039 3029 2187 3107 110,
2221 3031 2481 3092 edictum
2505 3050 2629 3091 non

656 3133 879 3214 populo
915 3152 1035 3192 eece
1066 3133 1353 3210 scriptum
1386 3131 1455 3213 (i.
1491 3151 1548 3192 e.
1583 3132 1861 3192 omnibus
1892 3134 2167 3213 privatis)
2200 3135 2304 3194 sed
2330 3135 2407 3194 P.
2426 3136 2628 3196 Annii

667 3236 945 3297 secundis
1007 3235 1333 3295 heredtbus.
1430 3235 1668 3296 Caecin.
1721 3234 1804 3298 2⁴7
1816 3280 1835 3313 ,
1892 3236 1973 3299 78
1991 3283 2008 3313 ,
2063 3237 2143 3298 de
2198 3237 2262 3299 C.
2315 3237 2625 3317 Aquinio,

666 3342 775 3420 qui
826 3350 911 3398 tot
961 3358 1148 3397 annos
1203 3340 1550 3419 ingenium,
1610 3339 1861 3398 laborem
1880 3385 1898 3417 ,
1939 3341 2130 3420 fidem
2186 3359 2357 3401 mm
2401 3340 2626 3422 populo

667 3443 939 3503 Romano
980 3451 1315 3520 promptam
1360 3443 1796 3521 expositamque
1841 3444 2201 3523 praebuerit.
2305 3445 2464 3505 Orat.
2496 3443 2622 3518 111,

569 3529 576 3538 ⁴
664 3543 781 3619 33,
845 3542 997 3621 134,
1058 3543 1136 3604 de
1182 3545 1645 3620 iurisconsultis,
1707 3548 1815 3625 qui
1853 3558 1911 3606 et
1956 3549 2026 3606 in
2066 3558 2306 3624 senatu,
2358 3560 2415 3608 et
2466 3547 2627 3628 apud

654 3645 943 3728 populum
961 3691 979 3720 ,
1020 3657 1077 3706 et
1101 3649 1173 3704 in
1204 3649 1405 3707 causis
1430 3648 1757 3707 amicorum
1787 3647 2104 3708 consilium
2135 3667 2309 3708 suum
2331 3649 2625 3730 fidemque

649 3748 1051 3832 praestabant.

742 3853 811 3912 id
842 3862 1038 3912 autem
1090 3853 1464 3934 incognitum
1496 3885 1579 3897 —
1610 3852 2031 3936 necessarium)
2110 3856 2182 3916 Et
2228 3856 2380 3917 haec
2416 3858 2625 3918 multis

660 3954 857 4015 modis
888 3962 1170 4033 corrupta
1207 3953 1491 4015 seruntur
1525 3956 1594 4015 in
1641 3955 1829 4018 libris.
1913 3958 1987 4017 In
2021 3959 2334 4019 Goerenzii
2370 3969 2623 4022 annota-

662 4059 826 4119 tione
872 4057 1031 4116 nihil
1078 4056 1450 4118 laudandum
1471 4104 1489 4134 ,
1545 4059 1665 4120 nisi
1716 4061 1884 4141 quod
1935 4063 2006 4121 id
2052 4064 2277 4124 mutari
2327 4065 2526 4126 noluit
2556 4065 2621 4125 in

663 4161 816 4219 illud
829 4205 847 4236 ,
883 4158 1075 4240 (quod
1109 4159 1390 4221 Ernestus
1421 4171 1716 4242 suaserat,
1758 4184 2075 4243 perperam
2112 4165 2380 4227 reserens
2412 4168 2491 4228 ad
2526 4171 2628 4228 ius
