3131 5032
1639 446 1782 520 250

943 653 1166 709 cnm·
1198 654 1390 709 xvm.

1076 838 1111 904 5
1158 839 1246 891 ιο.

665 1019 914 1089 (deinde)
943 1022 1064 1073 124.
1100 1023 1220 1074 126.

659 1111 931 1179 quibusvis
963 1114 1030 1165 sit
1061 1112 1182 1167 120.
1208 1111 1331 1165 127.

656 1201 851 1272 quibus
885 1204 1022 1273 iupsi
1054 1205 1142 1257 10.

657 1296 743 1363 agi
774 1303 834 1345 nt
857 1311 977 1346 oum
1002 1295 1092 1347 10.

657 1386 742 1454 agi
776 1396 862 1437 aut
891 1406 947 1451 y.

655 1477 850 1530 deinde
883 1479 1052 1547 gravis
1080 1479 1200 1533 124.
1232 1479 1351 1532 126.

655 1569 747 1622 sed
776 1581 834 1621 ut
863 1570 909 1622 A
936 1570 977 1621 Ε
1014 1571 1098 1622 11.
1131 1572 1219 1623 65.

659 1661 816 1732 (quse
852 1680 972 1713 eum
1005 1663 1224 1732 populo)
1258 1664 1306 1714 A
1335 1663 1374 1714 B
1405 1663 1448 1714 1)
1483 1664 1523 1715 E
1554 1682 1590 1713 α
1607 1670 1650 1728 ῥ’

719 1772 758 1818 y
791 1755 830 1804 δ
858 1755 945 1807 10.
973 1755 1062 1806 11.
1092 1755 1180 1807 39.
1211 1754 1296 1806 47.
1327 1755 1413 1807 48.
1444 1757 1531 1808 58.
1562 1758 1652 1811 65.

722 1846 812 1898 96.
840 1846 963 1897 120.
997 1845 1118 1899 127.
1150 1845 1193 1897 Β
1226 1846 1293 1897 V.

656 1937 876 2008 (populo
900 1954 1139 2007 quaeque
1168 1937 1251 2006 in)
1285 1938 1406 1990 122.

652 2046 863 2098 quoque
895 2031 952 2079 in
978 2030 1209 2098 pertibus
1240 2028 1305 2081 1).

652 2130 872 2190 agentur
899 2118 1021 2171 124.
1055 2120 1178 2175 126.

651 2211 796 2263 idem
827 2210 1060 2262 modesta
1089 2209 1151 2262 R.

652 2305 693 2355 i.
723 2303 954 2354 modeste
986 2320 1044 2354 α.

648 2393 905 2448 modestia
937 2393 1062 2444 120.

650 2495 704 2538 et
727 2484 959 2538 modesta
991 2483 1055 2536 nd
1087 2500 1141 2537 se
1173 2484 1285 2537 dats
1317 2504 1371 2549 y.

649 2576 883 2630 modesto
914 2577 977 2629 Β.

649 2680 802 2738 etque
849 2668 915 2720 ad
961 2668 1132 2720 sedata
1177 2666 1216 2717 B
1246 2667 1289 2719 R
1328 2667 1413 2721 10.
1444 2667 1530 2719 11.
1560 2667 1649 2721 65.

719 2760 842 2812 120.
874 2760 995 2813 127.
1024 2762 1087 2811 V.

649 2860 800 2918 atque
836 2860 885 2900 at
914 2850 1085 2902 sedete
1120 2852 1180 2903 δ.

646 2952 823 2993 auctor
866 2942 1010 2992 euim
1050 2940 1089 2990 B
1130 2939 1173 2990 1)
1222 2959 1256 2989 α
1294 2947 1337 3003 β
1365 2941 1403 2990 δ
1441 2941 1527 2992 11.
1557 2941 1648 2994 89.

717 3032 804 3083 47.
848 3032 935 3083 48.
984 3031 1072 3082 58.
1122 3033 1212 3082 65.
1249 3031 1337 3083 96.
1372 3030 1491 3084 120.
1524 3031 1644 3083 122.

715 3122 837 3173 127.
871 3121 914 3173 Β
949 3121 1015 3173 V.

646 3222 821 3264 auctor
844 3215 989 3264 euim
1024 3211 1313 3264 moderator
1344 3213 1387 3264 E
1418 3233 1474 3276 r.

647 3313 700 3356 et
727 3305 1019 3356 moderator
1054 3302 1157 3371 (et)
1195 3321 1230 3353 α
1262 3303 1350 3356 10.
1383 3304 1506 3357 120.
1540 3303 1607 3355 V.

647 3405 700 3448 et
728 3395 1024 3448 moderatur
1053 3398 1117 3455 ῥ’.

650 3487 854 3556 effingit
881 3486 969 3537 48.
1000 3485 1120 3535 120.
1153 3484 1275 3538 122.
1304 3484 1427 3539 127.
1456 3485 1527 3538 V.

646 3587 700 3628 et
734 3577 938 3645 effingit
967 3596 1022 3641 y.

647 3668 815 3737 effigit
850 3667 936 3718 10.

647 3757 739 3811 sed
769 3757 924 3827 plene
961 3757 1043 3808 11.
1075 3756 1140 3809 R.

646 3850 738 3903 sed
766 3866 888 3919 prae
918 3846 1092 3900 vultus
1120 3846 1178 3900 B.

645 3939 785 4009 quod
832 3940 978 3991 siin
1020 3949 1200 3990 senatu
1244 3940 1292 3990 A
1326 3937 1366 3990 B
1393 3939 1436 3990 D
1470 3957 1505 3987 α
1533 3959 1568 4004 y
1603 3940 1643 3991 δ

717 4031 808 4083 10.
848 4031 930 4083 11.
965 4031 1054 4082 39.
1086 4030 1172 4082 47.
1203 4029 1289 4083 48.
1321 4032 1408 4084 58.
1437 4033 1526 4085 65.
1555 4032 1642 4085 96.

713 4121 837 4172 120.
867 4120 987 4173 122.
1018 4119 1083 4171 V.

645 4210 783 4278 quod
815 4212 896 4266 sni
931 4221 1108 4265 senatu
1139 4211 1201 4262 Ε.

1724 651 1883 723 (non)
1916 655 2006 706 10.

1718 744 1933 797 difficile
1979 755 2058 798 est
2099 757 2179 800 est
2208 751 2354 801 enim
2386 749 2473 802 10.
2505 751 2594 803 89.
2631 752 2719 804 47.

1785 835 1875 887 48.
1903 837 1991 889 58.
2016 837 2105 889 96.
2131 838 2252 891 120.
2282 839 2405 895 122.
2436 840 2559 895 124.
2596 842 2720 897 126.

1784 927 1913 980 127.

1719 1017 1884 1087 (ipse)
1917 1038 1951 1083 y
1987 1020 2070 1072 10.
2104 1022 2222 1077 120.
2250 1023 2373 1077 124.
2406 1024 2528 1078 126.
2555 1025 2678 1079 127.

1715 1112 1964 1162 senatoris
1996 1112 2084 1163 10.
2117 1113 2203 1164 11.
2236 1114 2325 1168 58.
2357 1115 2446 1168 65.
2477 1115 2541 1167 R.

1716 1203 1963 1253 senatoris
1997 1203 2042 1254 is
2075 1222 2129 1267 y.

1714 1292 1861 1343 euius
1895 1294 1937 1344 si
1964 1294 2031 1343 sb
2060 1295 2325 1347 autoritate
2355 1298 2442 1351 10.

1711 1382 1777 1433 ab
1807 1393 2064 1436 auctorem
2095 1385 2139 1437 A
2171 1389 2206 1436 B
2235 1386 2276 1440 E
2314 1387 2373 1439 δ’.
2524 1440 2527 1445 ⁴

1711 1473 1777 1525 sb
1807 1484 2010 1528 auctore
2046 1496 2079 1541 y
2105 1477 2229 1529 120.
2268 1476 2388 1530 127.
2421 1476 2486 1529 V.

1711 1576 1934 1618 actorem
1963 1566 2089 1618 124.
2124 1568 2246 1619 126.

1710 1657 1997 1710 auditorem
2033 1659 2122 1712 58.

1711 1766 1818 1801 non
1849 1748 1914 1801 ad
1946 1751 2300 1802 sueton-itatem
2333 1768 2387 1800 α.

1711 1841 1874 1891 enimi
1911 1840 2003 1891 sed
2037 1842 2129 1910 qui
2167 1842 2226 1892 δ.

1711 1930 1801 1983 sed
1827 1931 1957 1998 quid
1988 1931 2031 1982 1)
2070 1950 2107 1980 a
2136 1939 2178 1995 β
2210 1934 2298 1985 39.

1710 2022 1967 2091 expectari
1998 2040 2032 2087 y
2062 2022 2150 2075 10.
2184 2021 2306 2074 120.
2331 2022 2399 2075 V.

1710 2114 1875 2181 speeri
1914 2114 1972 2164 δ.

1709 2205 1846 2255 insse
1872 2214 1957 2255 tua
1987 2204 2072 2256 10.

1707 2298 1816 2348 visa
1851 2298 1947 2346 trie
1980 2296 2046 2348 E.

1706 2387 1815 2437 viss
1841 2388 1935 2437 trie
1965 2396 2022 2438 ut
2049 2387 2122 2439 ait
2150 2390 2216 2440 sit
2243 2390 2301 2441 δ.

1707 2476 1952 2547 frequens
1981 2477 2115 2531 adsit
2141 2479 2267 2532 ordo
2296 2480 2383 2533 10.

1707 2580 1766 2622 ut
1792 2570 2086 2623 modenesit
2116 2570 2359 2624 infinitus
2386 2572 2459 2632 Β..

1706 2679 1813 2713 non
1841 2664 1909 2714 sit
1942 2662 2189 2714 infinitus
2216 2663 2304 2717 10.

1704 2752 1973 2806 brevitatis
2001 2753 2087 2807 96.

1707 2848 1927 2897 senatori
1964 2847 2052 2897 10.

1704 2934 1928 2988 orsthori
1965 2937 2050 2988 10.

1704 3030 1761 3078 iu
1792 3028 2005 3078 seientia
2033 3028 2122 3079 10.

1704 3119 1808 3170 nisi
1838 3129 1925 3169 sut
1954 3117 1997 3168 1)
2029 3126 2071 3183 β
2088 3118 2174 3172 47.
2195 3119 2280 3171 48.
2302 3120 2422 3171 122.
2439 3120 2699 3174 124.126.

1708 3208 1815 3280 (ut)
1854 3210 1938 3261 89.

1703 3312 2028 3372 exspectante
2059 3303 2183 3355 124.
2206 3302 2328 3357 126.

1704 3404 1934 3462 spetente
1964 3395 2050 3447 58.
2088 3393 2250 3461 (corr.
2283 3395 2542 3465 petente.)

1705 3496 1963 3554 spectante
2007 3483 2050 3534 D
2094 3506 2128 3537 α
2171 3494 2214 3549 β
2250 3486 2334 3538 11.
2370 3487 2461 3540 89.
2491 3489 2578 3542 47.
2607 3488 2697 3544 48.

1773 3578 1859 3629 65.
1894 3578 1980 3631 96.
2012 3578 2134 3629 120.
2167 3578 2288 3631 122.
2321 3579 2442 3632 127.
2478 3579 2541 3632 R.

1702 3668 1842 3736 quod
1879 3671 1945 3720 sit
1967 3669 2054 3721 58.
2082 3669 2169 3721 96.
2616 3739 2619 3742 Δ

1703 3760 2001 3829 saepissime
2030 3776 2151 3814 cum
2180 3761 2327 3814 nullo
2354 3763 2476 3817 124.
2502 3764 2624 3818 126.

1706 3850 1878 3919 (nullo
1907 3879 1974 3891 --
2001 3850 2143 3921 tolli)
2180 3852 2265 3905 10.

1701 3942 1878 3994 nullus
1907 3960 1937 3993 ι
1968 3946 2265 4012 magistratu
2301 3965 2356 4012 r.

1702 4033 1905 4087 nullum
1937 4036 2234 4105 magistratu
2266 4036 2328 4089 E.

1703 4124 1840 4177 tollit
1869 4125 1931 4177 E.

1703 4215 1841 4269 tollit
1872 4217 2018 4272 diem
2049 4217 2191 4274 idem
2224 4217 2352 4273 utile
2381 4239 2436 4285 γ.
