3131 5032
2033 520 2038 523 “
2178 533 2382 579 xxxin

402 726 627 784 ratum
662 710 974 784 novimus.
1047 714 1207 780 Tum
1237 709 1307 778 in
1331 708 1467 802 ipso
1488 710 1658 781 exitu
1688 711 1972 780 eiusdem
1999 714 2148 782 libri
2179 739 2376 807 agen-

299 883 313 894 .
404 827 581 895 dum
647 825 949 915 deinceps
1009 823 1197 891 fuisse
1239 825 1317 889 de
1376 827 1529 889 iure
1596 829 2131 915 magistratuum
2195 828 2379 896 vide-

402 961 582 1007 mus.
645 941 1047 1006 Postremum
1076 936 1518 1026 fragmentum
1537 987 1556 1015 ‚
1601 937 1785 1026 quod
1816 960 2058 1005 servare
2087 939 2381 1008 creditur

404 1049 812 1139 Augustinus
857 1051 924 1115 C.
976 1049 1050 1115 D.
1102 1050 1282 1128 xxl,
1336 1052 1448 1128 11,
1490 1047 1652 1115 mihi
1685 1051 1983 1117 nondum
2017 1049 2221 1139 liquet
2250 1074 2382 1120 ense

412 1182 567 1228 vere
822 1172 1051 1227 entum
1100 1158 1335 1227 horum
1386 1158 1736 1228 librorum:
1786 1176 1923 1228 octo
1947 1187 2198 1253 genera
2219 1188 2381 1250 poe-

409 1296 668 1339 narum
718 1276 797 1337 in
849 1273 1106 1362 legibue
1170 1294 1302 1335 esee
1355 1274 1598 1337 scribit
1643 1273 1952 1355 Tullius,
2018 1275 2380 1356 damnum,

414 1387 718 1466 vincula,
763 1383 1065 1465 verbera',
1097 1386 1417 1450 talionem
1435 1434 1453 1464 ,
1500 1389 1983 1475 ignominiam,
2019 1389 2380 1469 acilium,

417 1510 732 1578 mrtem,
763 1499 1173 1564 servitutem.
1281 1496 1601 1577 Primum,
1648 1519 1724 1564 ex
1758 1498 1853 1564 his
1882 1499 2119 1580 verbis,
2167 1504 2243 1565 in
2281 1503 2380 1565 le-

411 1611 624 1701 gibus
668 1633 802 1675 esee
849 1609 1130 1691 ser-ibit,
1178 1629 1408 1689 nemo,
1454 1631 1675 1697 spero,
1721 1610 2022 1677 conficiet
2054 1632 2183 1678 esse
2222 1611 2383 1680 haec

418 1743 499 1790 ex
545 1743 733 1812 opere
776 1723 869 1788 De
912 1719 1183 1811 Legibus
1202 1771 1219 1801 ,
1266 1733 1334 1787 et
1379 1719 1578 1788 miror
1609 1720 1989 1811 ambiguum
2022 1722 2148 1791 hoc
2179 1722 2382 1790 videri

416 1832 673 1902 Orellio.
735 1831 1132 1900 ereberrime
1161 1829 1554 1921 Augustinus
1587 1831 1862 1899 alterum
1898 1831 2255 1925 dialogum,
2289 1835 2383 1902 De

416 1945 800 2037 Republica,
832 1957 1134 2034 usurpat3
1170 1956 1237 2011 et
1265 1941 1426 2009 nihil
1456 1943 1704 2026 obstat,
1740 1965 1872 2034 quo
1901 1944 2116 2012 minus
2140 1944 2258 2013 ista
2294 1944 2383 2014 de

416 2081 769 2149 poenarum
818 2055 1162 2148 generibus
1210 2054 1369 2121 inde
1409 2054 1614 2144 petita
1647 2055 2106 2125 existimentur.
2196 2059 2378 2125 Cete-

416 2193 566 2240 rum
596 2175 674 2236 in
703 2171 959 2261 legibue
993 2166 1154 2234 nihil
1182 2165 1359 2233 aliud
1386 2188 1517 2233 mse
1540 2166 1828 2248 videtur,
1863 2167 1978 2235 nisi
2010 2174 2088 2233 in
2120 2170 2381 2259 legibue

418 2305 513 2350 m
539 2285 672 2349 tab.
693 2333 711 2363 ,
737 2281 808 2347 in
836 2278 1056 2370 primis
1076 2292 1345 2368 propter
1368 2277 1554 2345 Gellii
1585 2278 2116 2368 disputationem,
2138 2283 2284 2357 XX,
2318 2288 2377 2349 1.

503 2395 601 2460 De
661 2389 918 2481 reliquis
980 2389 1389 2479 fragmentis,
1453 2412 1620 2478 quae
1670 2389 1967 2459 Virorum
2030 2391 2376 2460 doctorum

417 2503 752 2598 diligentia
783 2499 1074 2593 collegit,
1109 2501 1359 2568 nullum
1391 2514 1517 2582 est,
1550 2502 1731 2593 quod
1761 2501 2126 2594 argumenti
2157 2503 2377 2572 cuius-

417 2617 571 2684 dam
621 2615 694 2683 in
745 2611 1096 2704 deperditis
1139 2611 1317 2679 libris
1364 2611 1625 2679 tractati
1669 2613 2088 2703 suspicionem
2123 2636 2378 2683 movere

417 2728 632 2820 posit.
679 2731 886 2794 Pauca
913 2738 1131 2793 tamen
1159 2722 1244 2791 de
1271 2723 1345 2790 iis
1370 2722 1646 2791 dicenda
1666 2739 1838 2793 sunt.
1886 2725 2100 2794 Veluti
2116 2778 2133 2808 ,
2163 2747 2373 2816 quan-

418 2853 562 2908 tum
607 2837 1064 2907 nonnullorum
1107 2834 1492 2925 scriptorum
1538 2834 1912 2926 diligentiae
1943 2837 2369 2906 tribuendum

414 2950 501 3019 sit
532 2950 846 3019 eoniicere
874 2948 1029 3016 licet
1062 2969 1139 3014 ex
1167 2945 1525 3037 Augustino
1557 2945 1727 3036 ipso,
1772 2946 1886 3036 qui
1929 2947 2021 3014 ita
2055 2949 2378 3039 longiores

416 3063 592 3131 100oe
621 3063 715 3128 ad
736 3063 1004 3127 verbum
1035 3063 1357 3147 exem-pit,
1407 3071 1483 3124 ut
1524 3060 1857 3124 nonnulla
1875 3062 2370 3151 prqttersaci-

411 3176 650 3242 liorem
706 3175 1152 3252 intellectum,
1216 3173 1321 3236 vel
1350 3175 1900 3258 praetermittat,
1947 3173 2052 3237 vel
2090 3176 2374 3260 paullu-

417 3289 563 3353 lum
603 3299 997 3352 commutet.-
1039 3283 1168 3352 civ.
1202 3285 1276 3352 D.
1312 3286 1405 3364 11,
1454 3289 1516 3352 9.
1609 3286 1752 3352 Non
1792 3298 2033 3352 temere
2064 3286 2234 3355 hanc
2270 3311 2372 3356 re-

409 3399 905 3491 prehensionem
968 3418 1120 3463 cum
1178 3394 1513 3464 Lactantio
1572 3396 2182 3465 communicandam
2239 3422 2370 3469 esse

409 3525 609 3601 puto,
657 3510 772 3600 qui
804 3509 963 3575 haec
990 3506 1273 3575 servavit.
1367 3506 1652 3574 Primum
1682 3509 2097 3592 Inst.l)iv.v,
2128 3510 2366 3579 8.fin.:

411 3625 640 3690 Cicero
669 3658 765 3676 —
790 3621 1149 3708 disputans
1180 3620 1258 3684 de
1292 3621 1583 3710 legibue,
1631 3623 1857 3685 »cient
1885 3644 2054 3702 una,
2101 3627 2366 3710 inquit,

413 3759 453 3800 ι)
466 3736 813 3822 eademque
853 3747 1111 3800 natura
1155 3731 1445 3798 mundus
1487 3731 1793 3798 omnibus
1827 3736 2151 3821 partibus
2190 3740 2373 3802 inter

412 3872 534 3913 »te
554 3848 1077 3938 magr-uentibus
1097 3846 1392 3911 cohaeret
1424 3869 1502 3911 ac
1530 3848 1791 3910 nititur
1801 3872 1828 3927 ,-
1865 3850 1966 3912 eia
1995 3871 2214 3912 munes
2245 3850 2368 3914 Ιω-

413 3966 682 4026 »mines
731 3965 915 4026 inter
959 3981 1030 4022 u
1078 3969 1331 4023 natura
1379 3957 1677 4046 confini,
1724 3961 2075 4044 pravitate
2114 3959 2368 4025 diuen-

412 4077 651 4139 »timae
670 4123 687 4152 ,
751 4095 868 4137 nec
916 4094 985 4135 ee
1046 4070 1450 4159 intelligunt
1501 4093 1638 4134 ene
1686 4075 2206 4161 cansanguineae
2225 4122 2241 4151 ‚
2305 4086 2366 4138 et

412 4188 785 4252 »aubia-tos
812 4207 1029 4249 omnes
1050 4183 1175 4247 sub
1204 4206 1407 4248 unam
1437 4183 1850 4271 eamdemque
1862 4186 2182 4256 tutelams
2200 4185 2374 4270 quad
