3131 5032
1349 461 1485 535 113

422 670 777 739 mentione.
884 670 963 735 In
1008 679 1240 757 quarto
1290 690 1504 735 rursus
1544 667 1649 735 isti
1693 688 1912 735 omnes
1949 666 2377 759 colliguntur,

425 806 664 874 nempe
713 804 894 852 num.
945 785 1022 861 3,
1086 784 1205 861 10,
1274 784 1393 860 11,
1456 784 1579 861 48,
1646 784 1766 861 49,
1831 786 1936 849 58.
2036 783 2271 849 Omnes
2313 781 2383 849 hi

425 895 630 964 libelli
664 895 756 962 ita
784 891 1119 984 compositi
1161 905 1349 974 sunt,
1399 906 1506 974 ut,
1554 892 1815 984 singulis
1854 877 2099 985 paginis
2130 894 2200 960 in
2229 894 2389 961 duas

427 1008 766 1078 laterculas
809 1005 1212 1086 distributis,
1270 1004 1341 1072 111
1382 1005 1627 1073 harum
1658 1006 1855 1073 altera
1900 1007 2093 1074 verba
2126 1020 2389 1074 tantum

426 1143 503 1189 ω
535 1144 612 1189 ex
644 1119 934 1188 editione
949 1172 970 1202 ‚
1014 1118 1100 1186 ad
1130 1139 1329 1209 quam
1363 1118 1533 1185 facta
1569 1131 1713 1186 erat
1742 1119 1997 1188 collatio
2014 1170 2032 1200 ,
2069 1140 2392 1210 exponan-

427 1248 543 1302 tur
596 1232 681 1299 de
726 1254 1007 1323 quorum
1054 1230 1359 1298 varietate
1399 1244 1559 1298 esset
1609 1231 2011 1300 monendum
2027 1284 2044 1314 ,
2091 1232 2163 1299 in
2194 1232 2393 1300 altera

427 1347 560 1438 ipsa
618 1345 882 1414 varietas
902 1397 920 1429 ,
997 1344 1225 1412 addito
1278 1366 1547 1413 numero
1603 1343 1752 1412 libri
1772 1395 1790 1425 ,
1852 1357 2145 1413 notetur:
2208 1367 2393 1436 prae-

429 1474 604 1527 terea
627 1456 724 1524 ’111
774 1457 984 1548 primo
1033 1456 1250 1525 libello
1299 1479 1520 1548 margo
1570 1457 1848 1525 subinde
1890 1458 2073 1525 hanc
2099 1457 2397 1526 continet

429 1586 656 1640 notam
674 1621 691 1650 ,
721 1570 815 1636 ad
839 1572 1194 1636 Commeat.
1222 1583 1398 1656 pert.
1417 1619 1434 1651 ,
1479 1592 1555 1637 ex
1585 1592 1715 1660 qua
1739 1568 2029 1661 intelligo
2057 1572 2394 1662 Lagomar-

432 1683 646 1751 sinum
675 1681 1006 1752 consilium
1039 1680 1333 1750 habuisse
1365 1681 1450 1749 de
1478 1681 1833 1772 praecipuis
1866 1681 2018 1750 locis
2053 1704 2395 1751 commen-

434 1795 643 1864 tandi.
738 1798 994 1863 Praeter
1037 1793 1157 1863 ista
1199 1807 1354 1863 sunt
1391 1794 1524 1862 duo
1565 1792 1806 1863 maiora
1848 1792 2172 1863 volumina
2191 1847 2208 1877 ,
2256 1796 2397 1886 ple-

433 1907 756 1977 nissimam
805 1908 1097 1977 omnium
1115 1959 1133 1991 ,
1203 1928 1363 1998 quos
1410 1906 1801 1998 inspexerat,
1847 1906 2173 1976 librorum·
2208 1908 2400 1977 colla-

437 2021 685 2090 tionem
716 2020 1118 2089 continentia
1132 2071 1150 2099 ,
1194 2041 1330 2088 non
1357 2033 1578 2087 tamen
1601 2020 1831 2088 eodem
1858 2020 2057 2090 modo
2085 2020 2400 2090 confecta.

434 2136 599 2201 Nam
651 2132 924 2200 alterum
971 2130 1365 2201 continuatis
1413 2130 1690 2199 versibus
1740 2131 2058 2224 integram
2109 2132 2407 2201 continet

436 2245 757 2315 Ciceronis
795 2243 1152 2314 orationem
1169 2295 1187 2327 ,
1249 2244 1637 2334 interpositis
1679 2244 2038 2312 identidem
2086 2244 2399 2314 librorum

438 2358 854 2427 varietatibus
873 2410 890 2441 ,
926 2358 1201 2426 alterum
1233 2358 1306 2425 in
1335 2358 1542 2450 prima
1563 2358 1865 2427 latercula
1887 2358 2135 2451 singula
2166 2359 2404 2429 editio-

445 2472 546 2540 nis
589 2472 781 2540 verba
829 2471 1027 2540 habet
1046 2524 1063 2554 ,
1110 2471 1286 2539 velut
1335 2470 1611 2540 totidem
1665 2494 1958 2541 versuum
2005 2471 2189 2541 initia
2208 2526 2225 2556 ,
2274 2497 2406 2542 nu-

443 2584 706 2653 meratis
734 2585 896 2654 adeo
929 2584 1241 2675 cuiusque
1269 2584 1655 2677 paragraphi
1689 2586 1897 2654 verbis
1915 2638 1932 2668 ,
1970 2600 2114 2654 tum
2144 2587 2408 2680 singulis

442 2697 794 2788 apponitur
836 2697 886 2764 si
925 2696 1088 2788 quid
1131 2695 1496 2786 discrepent
1538 2695 1707 2764 libri.
1799 2696 1902 2764 Sic
1935 2697 2411 2767 confirmantur

443 2834 522 2880 ea
539 2862 557 2892 ,
594 2832 762 2901 quae
791 2810 876 2877 de
906 2832 1097 2900 opera
1131 2807 1684 2900 Lagomarsiniana
1710 2832 1747 2875 a
1773 2807 2120 2878 Niebuhrio
2145 2825 2409 2902 accepta
2508 2799 2513 2802 ’

446 2923 674 2993 retulit
728 2926 1082 3015 Peyronus,
1117 2921 1497 3011 'seduloque
1555 2920 1820 2988 excussis
1869 2921 1990 2988 illis
2036 2923 2232 3012 copiis
2278 2922 2413 3014 ipse
2498 2990 2507 2999 ,

442 3058 707 3128 quoque
730 3035 947 3103 testari
969 3057 1226 3125 possum
1255 3032 1621 3103 incredibili
1655 3032 1989 3125 diligentia
2014 3035 2412 3126 Lagomarsi-

444 3171 610 3215 num
660 3146 1096 3216 molestissimo
1148 3146 1525 3215 conserendi
1574 3144 1834 3237 negotio
1892 3139 2213 3214 functum'
2245 3170 2405 3230 esse,

443 3262 594 3331 11011
635 3275 894 3329 tantum
928 3259 1092 3327 nihil
1137 3273 1215 3328 ut
1248 3259 1520 3329 omisisse
1554 3259 1878 3341 videatur,
1916 3282 2001 3327 ne
2033 3283 2106 3327 ea
2142 3262 2406 3351 quidem

444 3395 616 3464 quae
641 3372 859 3439 futilia
891 3371 1236 3439 videantur
1255 3422 1272 3451 ‚
1319 3370 1433 3438 sed
1479 3386 1557 3438 ut
1603 3370 1876 3437 adderet
1910 3370 2106 3438 etiam
2149 3371 2198 3439 si
2243 3374 2407 3466 quid

441 3485 739 3554 deletum
752 3536 770 3566 ,
807 3498 921 3552 aut
949 3497 1311 3554 correctum
1326 3534 1344 3564 ,
1378 3497 1492 3551 aut
1522 3483 1645 3551 alia
1672 3506 1873 3551 manu
1902 3484 2406 3575 suprascriptum

444 3611 609 3666 esset
625 3650 642 3680 ,
695 3610 763 3664 et
794 3596 1038 3665 similia.

541 3713 800 3777 Factam
834 3733 964 3777 esse
995 3707 1406 3777 collationem
1439 3708 1524 3776 ad
1554 3709 1907 3777 editionem
1939 3709 2439 3779 Gronovianam.

451 3849 510 3893 a.
572 3827 746 3891 1692
766 3874 783 3903 ‚
848 3823 979 3912 ipse
1028 3822 1507 3913 Lagomarsinus
1548 3822 1915 3913 profitetur.
1972 3822 2136 3896 ,8οἀ
2183 3844 2413 3914 operae

445 3937 737 4030 pretium
781 3949 876 4002 est
916 3934 1240 4026 inquirere
1271 3936 1382 4025 qui
1415 3933 1563 4002 libri
1598 3932 2033 4003 numeralibus
2066 3934 2220 4017 illis,
2267 3935 2410 4026 qui-

451 4051 583 4119 bus
613 4047 863 4142 utitur,
912 4047 1352 4138 designentur.

549 4168 612 4230 3.
670 4160 1146 4252 Lagomarsinus
1192 4161 1360 4230 hanc
1409 4176 1631 4232 notam
1669 4160 1963 4252 apposuit
1997 4131 2068 4227 111
2099 4160 2416 4251 principio

2085 4280 2123 4338 8
