3131 5032
1637 402 1779 477 232

1016 612 1239 667 CAPUT
1285 609 1369 663 vl.
1746 605 1994 658 habitavit
2023 606 2289 658 institutus
2318 606 2377 656 in
2403 602 2494 658 10.

1746 698 1804 748 in
1839 698 1980 749 scitis
2014 715 2068 760 r.

702 813 771 848 an
803 798 862 847 in
887 794 1097 847 tandem
1125 794 1183 846 Β.
1750 788 1835 856 (in
1862 804 1925 838 eo
1955 803 2146 857 genere
2171 785 2371 855 rerum)
2408 786 2498 839 96.

700 888 808 938 aiut
845 887 932 939 65.
1748 881 1805 929 in
1845 876 1960 947 (eo)
1992 877 2113 929 124.
2143 877 2263 931 126.

700 995 766 1029 an
795 978 882 1029 39.
1748 968 1814 1020 ab
1841 985 2006 1037 eoque
2039 986 2074 1017 α
2102 968 2188 1021 10.

701 1077 819 1119 ante
848 1067 935 1119 10.
1749 1059 1815 1113 ab
1850 1059 2036 1110 eodem
2076 1058 2230 1127 (que)
2267 1056 2311 1109 D
2338 1063 2403 1121 ῥ’.

698 1176 764 1209 an
794 1158 1003 1209 tandem
1032 1158 1188 1209 etiam
1223 1158 1317 1208 ista
1348 1175 1403 1219 y.
1750 1150 2041 1204 Clitarchus
2076 1151 2165 1203 10.

698 1249 912 1301 tandem
952 1266 1064 1300 esse
1095 1266 1123 1299 a
1156 1250 1240 1301 10.
1750 1244 1946 1295 ratione
1977 1244 2066 1294 10.

706 1339 916 1407 (etiam)
948 1340 1037 1391 39.
1748 1338 1963 1388 rationis
1999 1334 2056 1386 Β.

704 1430 852 1502 (ista)
881 1432 971 1483 48.
1754 1427 1839 1496 (a)
1877 1423 2231 1494 Theophrasto
2260 1423 2350 1475 58.

702 1534 854 1574 tracta
883 1522 923 1572 Β
958 1540 1014 1572 α.
1752 1515 2105 1586 Theophrasto
2133 1515 2375 1582 panetius
2407 1509 2501 1563 ille
2535 1511 2626 1563 10.

700 1613 970 1664 detractata
999 1612 1089 1664 39.
1748 1608 1817 1660 de
1846 1625 1952 1677 quo
1980 1606 2147 1659 fecisti
2172 1604 2620 1674 praementionem
2648 1600 2709 1654 Β.

700 1714 836 1756 certe
868 1704 957 1755 10.
1750 1698 2023 1752 mirabitur
2047 1696 2332 1748 doctrinam
2363 1693 2428 1746 D.

700 1795 831 1847 faeta
864 1794 988 1845 12⁷.
1020 1792 1087 1844 V.
1751 1791 1972 1842 otiorum
2002 1788 2089 1840 10.

702 1903 825 1940 sane
855 1903 961 1938 non
989 1884 1055 1935 ab
1083 1885 1172 1939 39.
1753 1879 2071 1933 eruditorum
2128 1893 2261 1946 quae
2316 1874 2581 1946 hodieque
2638 1891 2742 1927 noo

704 1976 914 2046 (modo)
951 1994 987 2024 α
1016 1975 1103 2026 10.
1821 1973 1979 2024 modo
2031 1976 2078 2023 A
2135 1970 2298 2037 (corr.
2363 1984 2427 2019 ex
2490 1967 2740 2035 odioque)

699 2068 769 2121 cb
800 2082 993 2136 magno
1023 2072 1086 2128 β.
1822 2065 1910 2116 11.
1948 2063 2035 2114 65.

698 2160 759 2210 in
788 2155 1115 2228 quibuslibet
1143 2153 1345 2208 erudito
1367 2154 1459 2206 39.
1755 2154 2074 2209 eruditorum
2099 2167 2231 2221 quae
2260 2148 2487 2217 odioque
2503 2146 2542 2199 B
2562 2148 2604 2199 R
2623 2148 2681 2200 δ.

702 2249 837 2302 acuti
867 2267 900 2313 y
931 2248 1018 2301 39.
1047 2246 1167 2299 120.
1193 2245 1262 2297 V.
1759 2246 1869 2316 (in)
1907 2244 2176 2314 pulverem
2204 2239 2243 2291 B
2273 2240 2315 2291 D
2342 2240 2429 2292 47.

704 2342 784 2393 illi
815 2351 961 2392 acute
994 2358 1030 2389 α
1057 2339 1143 2391 10.
1754 2336 1999 2407 perduxit
2025 2335 2113 2387 10.
2143 2333 2232 2385 39.
2262 2332 2348 2383 47.
2378 2332 2464 2383 48.
2487 2329 2744 2384 120.122·

704 2433 769 2485 ad
802 2431 937 2483 hane
968 2430 1225 2483 familiam
1255 2431 1314 2483 δ.
1824 2428 1947 2479 127.
1984 2425 2050 2477 V.

704 2525 772 2577 ab
799 2524 932 2575 hanc
964 2522 1164 2574 familia
1194 2524 1240 2574 A
1274 2522 1334 2575 B.
1757 2519 1962 2592 perdixi
1991 2519 2053 2568 B·

705 2617 806 2667 ista
837 2615 1004 2683 magis
1036 2622 1312 2665 manerent
1337 2610 1399 2664 Β.
1759 2629 1881 2663 nam
1912 2627 2017 2661 non
2047 2608 2375 2661 mediocriter
2398 2625 2432 2670 y
2460 2605 2546 2656 10.
2572 2604 2666 2656 39.
2680 2603 2747 2658 V.

706 2725 895 2777 magna
930 2709 1026 2757 ista
1061 2713 1332 2755 manarunt
1360 2701 1447 2754 10.
1759 2701 2001 2754 homines
2024 2700 2347 2751 doctissimos
2378 2715 2414 2747 α
2445 2698 2532 2750 10.

706 2810 979 2852 manerent
1010 2795 1051 2846 Ε
1086 2797 1146 2848 δ.
1762 2811 1870 2846 non
1917 2794 2092 2844 minus
2133 2789 2176 2842 A
2221 2788 2259 2839 Β
2290 2789 2330 2840 Ε
2364 2789 2401 2838 δ
2434 2789 2517 2846 10.
2547 2787 2633 2839 11.
2661 2786 2749 2839 39.

706 2890 982 2943 illustravit
1012 2887 1286 2939 hominem
1321 2883 1462 2936 hunc
1492 2888 1555 2946 ,8-
1829 2884 1917 2936 65.
1949 2882 2071 2934 120.
2101 2880 2223 2932 124.
2255 2878 2379 2932 126.
2418 2877 2536 2932 127.
2564 2876 2633 2928 V.

712 2983 773 3033 in
789 2977 1100 3049 disputando
1115 2977 1228 3029 loco
1245 2992 1364 3029 cum
1380 2973 1630 3028 eraclides
1646 2973 1705 3025 δ.
1762 2984 1988 3027 versatus
2022 2975 2079 3023 B.

710 3070 1005 3123 Heraclides
1045 3067 1198 3137 (que)
1236 3086 1291 3119 α.
1769 3064 2011 3134 (multos)
2043 3062 2106 3116 R·

713 3162 1010 3215 Heraclides
1039 3159 1381 3226 Ponticusque
1404 3158 1493 3209 58.
1765 3171 2110 3209 commemora
2141 3155 2179 3204 Β

713 3252 1001 3306 Heraclitus
1034 3250 1247 3319 ponitur
1277 3248 1534 3315 prefectus
1567 3247 1654 3299 10.

718 3341 1004 3414 pontificiis
1033 3339 1119 3390 11.

718 3433 786 3484 ab
815 3432 1003 3484 eodem
1033 3429 1300 3481 Platonem
1321 3428 1391 3480 ·B.

719 3525 987 3576 institutus
1041 3521 1099 3571 in
1160 3537 1223 3572 eo
1286 3536 1476 3590 genere
1538 3536 1712 3572 rerum
1770 3532 2037 3587 possemus
2070 3532 2128 3579 γ.

1767 3244 2023 3355 possimus
2051 3283 2143 3337 58.

1770 3376 2026 3445 possimus
2060 3371 2124 3424 1).

790 3614 858 3666 ab
883 3613 970 3665 96.
1771 3619 1986 3676 utraque
2017 3604 2126 3675 (re)
2160 3623 2219 3658 α.

723 3707 932 3759 institus
962 3704 1028 3756 A.
1774 3696 2092 3750 excellerent
2119 3696 2209 3747 10.

722 3795 1227 3850 habitabitusciscitis
1257 3794 1314 3847 B.
1774 3789 2054 3841 excelleret
2080 3787 2202 3839 120.

723 3888 937 3940 abitavit
962 3886 1026 3938 D.
1773 3880 2002 3931 doctrina
2030 3879 2117 3931 10.

725 3978 980 4030 habitabit
1009 3978 1049 4028 E
1083 3977 1142 4028 δ’.
1773 3971 2002 4041 regunda
2035 3970 2124 4022 10.

729 4069 1009 4121 abundavit
1029 4066 1152 4119 124.
1178 4066 1300 4116 126.
1774 4063 2028 4133 particeps
2056 4070 2190 4113 esset
2223 4060 2309 4112 10.

732 4160 1006 4230 (habitavit
1037 4186 1102 4199 —
1134 4155 1436 4223 Aristotele)
1473 4156 1561 4208 65.
1777 4164 1977 4224 praeter
2003 4151 2091 4204 hic
2123 4151 2184 4202 R.
