3131 5032
1576 500 1714 571 110

810 728 1045 800 porum
1092 704 1368 778 rationes
1399 702 1541 774 fieri
1580 724 1717 772 non
1748 702 2027 795 potuisse
2057 718 2136 779 ut
2163 702 2403 775 librum
2434 704 2616 775 illum

811 822 885 890 in
945 817 1336 887 Bibliotheca
1400 815 1988 909 Lugduno-Batava
2045 834 2417 909 usurparet:
2475 836 2621 890 tum

811 955 955 1002 eam
1008 930 1399 999 simultatem
1447 931 1500 997 1.
1547 928 1837 1000 Vossium
1883 928 2054 999 inter
2084 945 2154 999 et
2184 932 2475 1001 Gudium
2506 957 2621 1003 ex-

809 1043 1040 1116 stitisse
1103 1064 1375 1134 eamque
1415 1040 1724 1110 invidiam
1743 1092 1763 1125 ‚
1816 1055 1894 1112 ut
1938 1042 2040 1112 vix
2092 1042 2267 1113 dicas
2315 1046 2626 1116 credibile

814 1180 944 1228 esse
988 1156 1134 1227 talis
1169 1154 1322 1225 libri
1362 1154 1546 1224 alteri
1577 1154 1662 1224 ab
1690 1154 1893 1243 alterp
1922 1154 2173 1249 copiam
2203 1156 2443 1229 factam
2473 1181 2621 1228 esse.

1173 1363 1213 1407 Β.
1252 1359 1670 1405 nmmo-mum.
1710 1360 2134 1409 mansum.
2262 1414 2265 1417 ,

763 1499 983 1565 Servat
1003 1493 1162 1563 haec
1184 1492 1580 1563 Bibliotheca
1605 1491 1938 1586 ingentem
1960 1517 2301 1564 numerum
2319 1494 2627 1566 Codicum

673 1612 745 1679 in
786 1609 1023 1701 quibus
1080 1607 1366 1675 Tulliana
1423 1606 1878 1689 eontinentur,
1925 1630 2201 1698 quorum
2264 1609 2626 1704 catalogum

675 1719 1152 1815 diligentissime
1179 1719 1457 1789 confecit
1482 1716 1822 1810 ediditque
1847 1720 1922 1788 A.
1949 1718 2169 1804 Maius,
2204 1719 2276 1789 in
2304 1723 2630 1792 volumine

673 1835 779 1905 cui
813 1834 1077 1904 titulum
1117 1832 1274 1902 fecit
1302 1833 1403 1901 M.
1440 1832 1664 1898 Tullii
1697 1834 2032 1899 Ciam-onis
2060 1833 2193 1901 Sex
2225 1838 2629 1903 orationum

662 1961 900 2039 partes
939 1959 1094 2013 ante
1127 1958 1436 2011 nostram
1475 1956 1760 2010 aetatem
1787 1945 2080 2013 ineditae
2105 1959 2231 2016 cet.
2263 1948 2627 2018 Mediolon.

683 2066 877 2131 1817.
911 2083 976 2151 p.
1012 2064 1165 2127 227.
1191 2080 1368 2148 seqq.
1457 2059 1540 2124 In
1563 2055 1639 2124 iis
1662 2056 2000 2126 Codicibus
2023 2058 2317 2152 quinque
2341 2074 2524 2145 sunt,
2557 2059 2630 2130 in

674 2174 913 2268 quibus
942 2171 1094 2241 libri
1132 2172 1227 2241 De
1263 2170 1537 2263 Legibus
1583 2182 1836 2239 exstant
1882 2170 2208 2264 descripti,
2253 2173 2368 2241 sed
2410 2196 2631 2243 omnen

671 2286 944 2357 recentis
980 2283 1224 2355 aetatis.
1313 2287 1559 2353 Horum
1605 2307 1815 2352 unum
1860 2286 2141 2377 (R137.
2179 2289 2247 2354 Ρ.
2280 2284 2448 2377 sup.)
2496 2286 2632 2379 ipse

668 2402 739 2469 in
770 2397 1185 2468 Ambrosiana
1215 2409 1511 2465 accmate
1536 2396 1784 2466 contuli
1814 2397 1902 2465 ad
1934 2397 2284 2467 editionem
2312 2399 2596 2469 Schutzii
2609 2425 2627 2484 ;

671 2513 948 2583 duorum
1000 2510 1271 2580 aliorum
1314 2508 1680 2579 collationes
1720 2523 1939 2601 postea
1990 2524 2216 2580 nactus
2259 2535 2406 2582 sum
2439 2536 2630 2606 opera

674 2639 745 2695 et
791 2622 1178 2693 auctoritate
1221 2621 1552 2704 Mancinii,
1618 2620 1732 2690 viri
1778 2622 2212 2691 humanissimi
2231 2674 2250 2707 ,
2309 2625 2500 2694 unius
2543 2626 2631 2694 de

668 2735 1106 2807 Bibliothecae
1151 2731 1489 2828 praefectis
1503 2784 1523 2816 ,
1553 2732 1657 2801 cui
1686 2748 2020 2828 acceptum
2065 2736 2275 2806 refero
2307 2737 2630 2831 quidquid

671 2849 813 2922 maii
854 2846 1266 2941 descriptioni
1308 2869 1486 2916 nunc
1529 2845 1800 2916 accedit.

675 2994 740 3036 α.
814 2967 882 3034 F.
938 2968 1088 3032 137.
1139 2965 1209 3032 P.
1258 2985 1398 3053 sup.
1449 2960 2006 3043 membranaceus,
2059 2962 2266 3032 forma
2316 2962 2589 3033 maxima
2609 3017 2635 3051 ἢ

818 3076 1010 3147 seculi
1033 3079 1172 3147 XV.
1249 3074 1678 3144 Continentur
1696 3077 1800 3142 De
1814 3077 2166 3159 Universa,
2195 3079 2299 3144 De
2309 3081 2632 3170 Legibus,

822 3194 926 3261 De
939 3193 1225 3259 Finibus
1235 3239 1254 3272 ,
1281 3191 1387 3257 De
1400 3191 1840 3256 Divinatione
1852 3241 1870 3272 ,
1898 3191 2003 3257 De
2013 3190 2290 3259 Natura
2305 3196 2600 3261 Deorum
2614 3245 2633 3276 ‚

823 3304 929 3371 De
972 3301 1161 3367 Fato.
1268 3301 1413 3367 Non
1462 3311 1560 3367 est
1606 3299 1799 3369 unius
1847 3323 2077 3371 manus
2116 3303 2426 3397 scriptura
2445 3356 2462 3388 ,
2520 3304 2636 3373 sed

822 3427 1104 3504 utraque
1131 3409 1335 3481 nitida
1366 3423 1435 3480 et
1465 3411 1753 3505 elegans:
1787 3413 2113 3507 habetque
2142 3418 2394 3486 notulas
2426 3417 2496 3486 in
2525 3440 2637 3489 ora

825 3525 1196 3619 adscriptas.
1241 3528 1499 3594 Constat
1521 3525 1686 3595 foliis
1702 3528 2136 3598 CLXXXXIX.
2166 3529 2313 3598 Fuit
2327 3530 2637 3601 Francisci

826 3638 1089 3721 Cicerei,
1124 3637 1454 3707 Mediolani
1482 3638 1905 3730 Eloquentiae
1930 3640 2327 3723 Professor-is,
2369 3641 2480 3735 (de
2506 3665 2639 3735 quo

827 3749 959 3819 vid.
993 3748 1277 3841 Argelati
1309 3748 1475 3818 Bibl.
1509 3749 1744 3841 Script.
1780 3751 2028 3822 mediol.
2074 3756 2144 3823 T.
2176 3757 2226 3823 I.
2263 3778 2329 3847 p.
2365 3754 2480 3825 alt.
2514 3754 2638 3827 col.

835 3863 991 3955 429)
1029 3886 1067 3932 a
1098 3859 1280 3932 cuius
1308 3861 1651 3932 heredibus
1679 3877 1889 3933 emtus
1919 3888 1975 3932 a.
2020 3869 2214 3934 1604.

689 3985 751 4069 β.
830 3979 905 4047 Ι).
943 3982 1051 4046 94.
1079 3980 1146 4044 Ρ.
1176 4000 1317 4067 sup.
1351 3977 1901 4061 membranaceus,
1934 3978 2148 4048 forma
2175 3979 2479 4064 maxima,
2513 4002 2638 4050 sec.

835 4092 978 4171 XV,
1012 4088 1337 4179 eleganter
1375 4088 1677 4181 scriptus:
1720 4089 2018 4159 continet
2049 4094 2153 4159 De
2179 4094 2493 4176 Finibus,
2541 4094 2645 4162 De

839 4201 1151 4293 Legibus,
1169 4201 1273 4266 De
1291 4198 1450 4271 Nat.
1464 4203 1661 4271 Dm.
1675 4254 1693 4283 ,
1714 4205 1816 4269 De
1826 4204 2063 4274 Divite.
2077 4257 2094 4287 ,
2114 4208 2217 4273 De
2228 4207 2417 4288 Fato,
2436 4206 2644 4275 Acad.
