<?xml version="1.0" encoding="UTF-8"?>
<!DOCTYPE html PUBLIC "-//W3C//DTD XHTML 1.0 Transitional//EN"
    "http://www.w3.org/TR/xhtml1/DTD/xhtml1-transitional.dtd">
<html xmlns="http://www.w3.org/1999/xhtml" xml:lang="en" lang="en">
 <head>
  <title>
</title>
<meta http-equiv="Content-Type" content="text/html;charset=utf-8" />
  <meta name='ocr-system' content='tesseract 3.04.00' />
  <meta name='ocr-capabilities' content='ocr_page ocr_carea ocr_par ocr_line ocrx_word'/>
</head>
<body>
  <div class='ocr_page' id='page_1' title='image "./mtulliiciceroni02bakegoog_0513.png"; bbox 0 0 3131 5032; ppageno 0'>
   <div class='ocr_carea' id='block_1_1' title="bbox 773 416 2076 503">
    <p class='ocr_par' dir='ltr' id='par_1_1' title="bbox 773 416 2076 503">
     <span class='ocr_line' id='line_1_1' title="bbox 773 416 2076 503; baseline 0 -20"><span class='ocrx_word' id='word_1_1' title='bbox 773 416 917 485; x_wconf 70' lang='grc'><strong>444-</strong></span> <span class='ocrx_word' id='word_1_2' title='bbox 1501 416 1646 484; x_wconf 77' lang='lat' dir='ltr'><strong>Lm.</strong></span> <span class='ocrx_word' id='word_1_3' title='bbox 1689 416 1757 502; x_wconf 92' lang='lat'><strong>1,</strong></span> <span class='ocrx_word' id='word_1_4' title='bbox 1802 419 1940 503; x_wconf 78' lang='lat'><strong>22,.</strong></span> <span class='ocrx_word' id='word_1_5' title='bbox 1966 422 2076 486; x_wconf 80' lang='grc'><strong>58.</strong></span> 
     </span>
    </p>
   </div>
   <div class='ocr_carea' id='block_1_2' title="bbox 773 622 2780 4104">
    <p class='ocr_par' dir='ltr' id='par_1_2' title="bbox 791 622 2780 2244">
     <span class='ocr_line' id='line_1_2' title="bbox 814 622 2780 706; baseline 0.001 -23"><span class='ocrx_word' id='word_1_6' title='bbox 814 630 885 683; x_wconf 88' lang='lat' dir='ltr'><strong>ut</strong></span> <span class='ocrx_word' id='word_1_7' title='bbox 910 646 942 681; x_wconf 70' lang='lat' dir='ltr'><strong>n</strong></span> <span class='ocrx_word' id='word_1_8' title='bbox 961 631 1117 686; x_wconf 73' lang='lat' dir='ltr'><strong>artes</strong></span> <span class='ocrx_word' id='word_1_9' title='bbox 1141 623 1470 703; x_wconf 72' lang='lat' dir='ltr'><strong>sapientiae</strong></span> <span class='ocrx_word' id='word_1_10' title='bbox 1491 624 1737 686; x_wconf 85' lang='lat' dir='ltr'><strong>notione</strong></span> <span class='ocrx_word' id='word_1_11' title='bbox 1762 625 1944 685; x_wconf 74' lang='lat' dir='ltr'><strong>simul</strong></span> <span class='ocrx_word' id='word_1_12' title='bbox 1967 622 2471 703; x_wconf 76' lang='lat' dir='ltr'><strong>complecteretur</strong></span> <span class='ocrx_word' id='word_1_13' title='bbox 2480 626 2542 683; x_wconf 87' lang='lat'><strong>:”</strong></span> <span class='ocrx_word' id='word_1_14' title='bbox 2565 623 2617 683; x_wconf 71' lang='lat' dir='ltr'><strong>si</strong></span> <span class='ocrx_word' id='word_1_15' title='bbox 2638 626 2780 706; x_wconf 82' lang='lat' dir='ltr'><strong>qui·</strong></span> 
     </span>
     <span class='ocr_line' id='line_1_3' title="bbox 809 725 2776 789; baseline 0.001 -1"><span class='ocrx_word' id='word_1_16' title='bbox 809 725 953 788; x_wconf 86' lang='lat' dir='ltr'><strong>dem</strong></span> <span class='ocrx_word' id='word_1_17' title='bbox 1000 726 1084 788; x_wconf 93' lang='lat' dir='ltr'><strong>de</strong></span> <span class='ocrx_word' id='word_1_18' title='bbox 1126 727 1234 787; x_wconf 86' lang='lat' dir='ltr'><strong>illa</strong></span> <span class='ocrx_word' id='word_1_19' title='bbox 1280 727 1814 788; x_wconf 74' lang='lat' dir='ltr'><strong>diversissimarum</strong></span> <span class='ocrx_word' id='word_1_20' title='bbox 1862 747 2072 788; x_wconf 84' lang='lat' dir='ltr'><strong>rerum</strong></span> <span class='ocrx_word' id='word_1_21' title='bbox 2122 727 2189 787; x_wconf 90' lang='lat' dir='ltr'><strong>in</strong></span> <span class='ocrx_word' id='word_1_22' title='bbox 2240 747 2426 788; x_wconf 87' lang='lat' dir='ltr'><strong>unam</strong></span> <span class='ocrx_word' id='word_1_23' title='bbox 2458 727 2776 789; x_wconf 80' lang='lat' dir='ltr'><strong>notionem</strong></span> 
     </span>
     <span class='ocr_line' id='line_1_4' title="bbox 807 830 2773 911; baseline 0.002 -22"><span class='ocrx_word' id='word_1_24' title='bbox 807 830 1220 891; x_wconf 81' lang='lat' dir='ltr'><strong>contractione</strong></span> <span class='ocrx_word' id='word_1_25' title='bbox 1270 850 1351 891; x_wconf 87' lang='lat' dir='ltr'><strong>ne</strong></span> <span class='ocrx_word' id='word_1_26' title='bbox 1401 833 1667 910; x_wconf 79' lang='lat' dir='ltr'><strong>eogitare</strong></span> <span class='ocrx_word' id='word_1_27' title='bbox 1721 831 1969 910; x_wconf 88' lang='lat' dir='ltr'><strong>quidem</strong></span> <span class='ocrx_word' id='word_1_28' title='bbox 2022 831 2222 911; x_wconf 89' lang='lat' dir='ltr'><strong>potuit</strong></span> <span class='ocrx_word' id='word_1_29' title='bbox 2267 831 2496 891; x_wconf 84' lang='lat' dir='ltr'><strong>Cioero.</strong></span> <span class='ocrx_word' id='word_1_30' title='bbox 2598 831 2773 906; x_wconf 86' lang='lat' dir='ltr'><strong>Quod</strong></span> 
     </span>
     <span class='ocr_line' id='line_1_5' title="bbox 805 932 2770 1014; baseline 0 -21"><span class='ocrx_word' id='word_1_31' title='bbox 805 940 1013 993; x_wconf 84' lang='lat' dir='ltr'><strong>autem</strong></span> <span class='ocrx_word' id='word_1_32' title='bbox 1042 932 1240 1011; x_wconf 89' lang='lat' dir='ltr'><strong>addit,</strong></span> <span class='ocrx_word' id='word_1_33' title='bbox 1269 957 1299 991; x_wconf 76' lang='grc' dir='ltr'><strong>ι)</strong></span> <span class='ocrx_word' id='word_1_34' title='bbox 1316 936 1366 994; x_wconf 77' lang='lat' dir='ltr'><strong>si</strong></span> <span class='ocrx_word' id='word_1_35' title='bbox 1392 934 1750 1014; x_wconf 79' lang='lat' dir='ltr'><strong>sapientiam</strong></span> <span class='ocrx_word' id='word_1_36' title='bbox 1773 935 1994 993; x_wconf 75' lang='lat' dir='ltr'><strong>artium</strong></span> <span class='ocrx_word' id='word_1_37' title='bbox 2021 933 2200 995; x_wconf 89' lang='lat' dir='ltr'><strong>modo</strong></span> <span class='ocrx_word' id='word_1_38' title='bbox 2221 946 2464 993; x_wconf 71' lang='lat' dir='ltr'><strong>mmmm</strong></span> <span class='ocrx_word' id='word_1_39' title='bbox 2493 933 2770 1010; x_wconf 75' lang='lat' dir='ltr'><strong>dixisset,</strong></span> 
     </span>
     <span class='ocr_line' id='line_1_6' title="bbox 802 1035 2769 1116; baseline 0.003 -23"><span class='ocrx_word' id='word_1_40' title='bbox 802 1051 1014 1111; x_wconf 79' lang='lat' dir='ltr'><strong>parum</strong></span> <span class='ocrx_word' id='word_1_41' title='bbox 1061 1056 1207 1097; x_wconf 82' lang='lat' dir='ltr'><strong>sane</strong></span> <span class='ocrx_word' id='word_1_42' title='bbox 1239 1056 1374 1097; x_wconf 88' lang='lat' dir='ltr'><strong>eam</strong></span> <span class='ocrx_word' id='word_1_43' title='bbox 1409 1037 1705 1097; x_wconf 73' lang='lat' dir='ltr'><strong>laudasset</strong></span> <span class='ocrx_word' id='word_1_44' title='bbox 1718 1040 1773 1094; x_wconf 88' lang='lat'><strong>:”</strong></span> <span class='ocrx_word' id='word_1_45' title='bbox 1815 1036 1968 1115; x_wconf 89' lang='lat' dir='ltr'><strong>quid</strong></span> <span class='ocrx_word' id='word_1_46' title='bbox 2002 1035 2190 1116; x_wconf 76' lang='lat' dir='ltr'><strong>igitur</strong></span> <span class='ocrx_word' id='word_1_47' title='bbox 2221 1036 2402 1097; x_wconf 80' lang='lat' dir='ltr'><strong>saciet</strong></span> <span class='ocrx_word' id='word_1_48' title='bbox 2436 1037 2573 1098; x_wconf 83' lang='lat' dir='ltr'><strong>loeo</strong></span> <span class='ocrx_word' id='word_1_49' title='bbox 2608 1038 2769 1098; x_wconf 82' lang='lat' dir='ltr'><strong>Orat.</strong></span> 
     </span>
     <span class='ocr_line' id='line_1_7' title="bbox 802 1135 2769 1218; baseline 0.003 -25"><span class='ocrx_word' id='word_1_50' title='bbox 802 1135 872 1210; x_wconf 91' lang='lat'><strong>1,</strong></span> <span class='ocrx_word' id='word_1_51' title='bbox 924 1135 963 1195; x_wconf 87' lang='grc'><strong>3</strong></span> <span class='ocrx_word' id='word_1_52' title='bbox 982 1182 1002 1212; x_wconf 82' lang='grc'>,</span> <span class='ocrx_word' id='word_1_53' title='bbox 1061 1138 1193 1199; x_wconf 87' lang='lat' dir='ltr'><strong>init.</strong></span> <span class='ocrx_word' id='word_1_54' title='bbox 1210 1184 1228 1213; x_wconf 91' lang='lat'><strong>,</strong></span> <span class='ocrx_word' id='word_1_55' title='bbox 1289 1139 1393 1198; x_wconf 85' lang='lat' dir='ltr'><strong>ubi</strong></span> <span class='ocrx_word' id='word_1_56' title='bbox 1435 1137 1810 1218; x_wconf 76' lang='lat' dir='ltr'>philosophia</span> <span class='ocrx_word' id='word_1_57' title='bbox 1843 1139 2104 1197; x_wconf 76' lang='lat' dir='ltr'><strong>omnium</strong></span> <span class='ocrx_word' id='word_1_58' title='bbox 2139 1138 2512 1198; x_wconf 77' lang='lat' dir='ltr'><strong>laudatarum</strong></span> <span class='ocrx_word' id='word_1_59' title='bbox 2547 1142 2769 1199; x_wconf 66' lang='lat' dir='ltr'><strong>anim</strong></span> 
     </span>
     <span class='ocr_line' id='line_1_8' title="bbox 791 1240 2769 1323; baseline 0.003 -26"><span class='ocrx_word' id='word_1_60' title='bbox 791 1258 1013 1318; x_wconf 70' lang='lat' dir='ltr'><strong>parens</strong></span> <span class='ocrx_word' id='word_1_61' title='bbox 1042 1241 1419 1319; x_wconf 83' lang='lat' dir='ltr'><strong>appellatur?</strong></span> <span class='ocrx_word' id='word_1_62' title='bbox 1460 1242 1628 1323; x_wconf 86' lang='lat' dir='ltr'><strong>(nam</strong></span> <span class='ocrx_word' id='word_1_63' title='bbox 1664 1242 1765 1300; x_wconf 76' lang='lat' dir='ltr'><strong>vix</strong></span> <span class='ocrx_word' id='word_1_64' title='bbox 1805 1241 2214 1302; x_wconf 77' lang='lat' dir='ltr'><strong>admonitione</strong></span> <span class='ocrx_word' id='word_1_65' title='bbox 2248 1240 2520 1320; x_wconf 79' lang='lat' dir='ltr'><strong>indiget,</strong></span> <span class='ocrx_word' id='word_1_66' title='bbox 2562 1243 2769 1303; x_wconf 75' lang='lat' dir='ltr'><strong>multis</strong></span> 
     </span>
     <span class='ocr_line' id='line_1_9' title="bbox 801 1339 2769 1427; baseline 0.004 -28"><span class='ocrx_word' id='word_1_67' title='bbox 801 1339 951 1400; x_wconf 76' lang='lat' dir='ltr'><strong>loeis</strong></span> <span class='ocrx_word' id='word_1_68' title='bbox 971 1345 1327 1404; x_wconf 81' lang='lat' dir='ltr'><strong>commutari</strong></span> <span class='ocrx_word' id='word_1_69' title='bbox 1347 1345 1508 1405; x_wconf 92' lang='lat' dir='ltr'><strong>inter</strong></span> <span class='ocrx_word' id='word_1_70' title='bbox 1528 1365 1590 1404; x_wconf 83' lang='lat' dir='ltr'><strong>se</strong></span> <span class='ocrx_word' id='word_1_71' title='bbox 1612 1346 1939 1425; x_wconf 69' lang='lat' dir='ltr'><strong>sapientiae</strong></span> <span class='ocrx_word' id='word_1_72' title='bbox 1964 1352 2025 1403; x_wconf 89' lang='lat' dir='ltr'><strong>et</strong></span> <span class='ocrx_word' id='word_1_73' title='bbox 2040 1344 2451 1424; x_wconf 70' lang='lat' dir='ltr'><strong>philosophiae</strong></span> <span class='ocrx_word' id='word_1_74' title='bbox 2473 1343 2769 1427; x_wconf 74' lang='lat' dir='ltr'><strong>nomina.)</strong></span> 
     </span>
     <span class='ocr_line' id='line_1_10' title="bbox 803 1442 2765 1525; baseline 0.004 -24"><span class='ocrx_word' id='word_1_75' title='bbox 803 1442 919 1502; x_wconf 85' lang='lat' dir='ltr'><strong>Sed</strong></span> <span class='ocrx_word' id='word_1_76' title='bbox 951 1443 1206 1506; x_wconf 84' lang='lat' dir='ltr'><strong>Rathius</strong></span> <span class='ocrx_word' id='word_1_77' title='bbox 1230 1448 1551 1509; x_wconf 84' lang='lat' dir='ltr'><strong>commode</strong></span> <span class='ocrx_word' id='word_1_78' title='bbox 1586 1448 1743 1508; x_wconf 71' lang='lat' dir='ltr'><strong>visus</strong></span> <span class='ocrx_word' id='word_1_79' title='bbox 1776 1456 1863 1508; x_wconf 76' lang='lat' dir='ltr'><strong>est</strong></span> <span class='ocrx_word' id='word_1_80' title='bbox 1901 1448 2122 1507; x_wconf 77' lang='lat' dir='ltr'><strong>Mosero</strong></span> <span class='ocrx_word' id='word_1_81' title='bbox 2153 1446 2405 1507; x_wconf 83' lang='lat' dir='ltr'><strong>laudare</strong></span> <span class='ocrx_word' id='word_1_82' title='bbox 2438 1447 2602 1509; x_wconf 85' lang='lat' dir='ltr'><strong>Orat.</strong></span> <span class='ocrx_word' id='word_1_83' title='bbox 2637 1449 2765 1525; x_wconf 87' lang='lat'><strong>111,</strong></span> 
     </span>
     <span class='ocr_line' id='line_1_11' title="bbox 810 1544 2767 1632; baseline 0.004 -27"><span class='ocrx_word' id='word_1_84' title='bbox 810 1544 920 1623; x_wconf 89' lang='lat'><strong>16,</strong></span> <span class='ocrx_word' id='word_1_85' title='bbox 962 1546 1066 1623; x_wconf 85' lang='lat'><strong>60,</strong></span> <span class='ocrx_word' id='word_1_86' title='bbox 1132 1553 1323 1611; x_wconf 70' lang='lat' dir='ltr'><strong>omnis</strong></span> <span class='ocrx_word' id='word_1_87' title='bbox 1375 1572 1567 1611; x_wconf 77' lang='lat' dir='ltr'><strong>mrum</strong></span> <span class='ocrx_word' id='word_1_88' title='bbox 1621 1553 1971 1632; x_wconf 73' lang='lat' dir='ltr'><strong>optimarum</strong></span> <span class='ocrx_word' id='word_1_89' title='bbox 2019 1553 2282 1632; x_wconf 75' lang='lat' dir='ltr'><strong>cognitio</strong></span> <span class='ocrx_word' id='word_1_90' title='bbox 2333 1561 2509 1629; x_wconf 74' lang='lat' dir='ltr'><strong>atque</strong></span> <span class='ocrx_word' id='word_1_91' title='bbox 2559 1554 2631 1610; x_wconf 69' lang='lat' dir='ltr'><strong>in</strong></span> <span class='ocrx_word' id='word_1_92' title='bbox 2682 1554 2767 1612; x_wconf 71' lang='lat' dir='ltr'><strong>iis</strong></span> 
     </span>
     <span class='ocr_line' id='line_1_12' title="bbox 802 1652 2765 1735; baseline 0.004 -28"><span class='ocrx_word' id='word_1_93' title='bbox 802 1652 1181 1728; x_wconf 68' lang='lat' dir='ltr'><strong>exercitatio,</strong></span> <span class='ocrx_word' id='word_1_94' title='bbox 1229 1654 1608 1735; x_wconf 73' lang='lat' dir='ltr'><strong>philosophia</strong></span> <span class='ocrx_word' id='word_1_95' title='bbox 1657 1655 2028 1713; x_wconf 76' lang='lat' dir='ltr'><strong>nominatur.-</strong></span> <span class='ocrx_word' id='word_1_96' title='bbox 2087 1673 2212 1731; x_wconf 90' lang='lat' dir='ltr'><strong>quo</strong></span> <span class='ocrx_word' id='word_1_97' title='bbox 2250 1660 2453 1714; x_wconf 84' lang='lat' dir='ltr'><strong>tamen</strong></span> <span class='ocrx_word' id='word_1_98' title='bbox 2492 1654 2629 1715; x_wconf 83' lang='lat' dir='ltr'><strong>loco</strong></span> <span class='ocrx_word' id='word_1_99' title='bbox 2659 1674 2765 1715; x_wconf 85' lang='lat' dir='ltr'><strong>ne·</strong></span> 
     </span>
     <span class='ocr_line' id='line_1_13' title="bbox 801 1755 2765 1835; baseline 0.003 -23"><span class='ocrx_word' id='word_1_100' title='bbox 801 1755 1054 1814; x_wconf 71' lang='lat' dir='ltr'><strong>cessario</strong></span> <span class='ocrx_word' id='word_1_101' title='bbox 1090 1768 1244 1816; x_wconf 75' lang='lat' dir='ltr'><strong>artes</strong></span> <span class='ocrx_word' id='word_1_102' title='bbox 1282 1766 1422 1818; x_wconf 78' lang='lat' dir='ltr'><strong>sunt</strong></span> <span class='ocrx_word' id='word_1_103' title='bbox 1462 1755 1896 1835; x_wconf 79' lang='lat' dir='ltr'><strong>intelligendae</strong></span> <span class='ocrx_word' id='word_1_104' title='bbox 1912 1802 1930 1831; x_wconf 95' lang='lat'><strong>,</strong></span> <span class='ocrx_word' id='word_1_105' title='bbox 1970 1763 2175 1815; x_wconf 84' lang='lat' dir='ltr'><strong>eontra</strong></span> <span class='ocrx_word' id='word_1_106' title='bbox 2215 1775 2401 1835; x_wconf 85' lang='lat' dir='ltr'><strong>qnam</strong></span> <span class='ocrx_word' id='word_1_107' title='bbox 2439 1756 2543 1816; x_wconf 86' lang='lat' dir='ltr'><strong>hio</strong></span> <span class='ocrx_word' id='word_1_108' title='bbox 2561 1802 2577 1815; x_wconf 89' lang='lat'><strong>.</strong></span> <span class='ocrx_word' id='word_1_109' title='bbox 2619 1777 2765 1818; x_wconf 82' lang='lat' dir='ltr'><strong>nam</strong></span> 
     </span>
     <span class='ocr_line' id='line_1_14' title="bbox 802 1853 2763 1942; baseline 0.003 -27"><span class='ocrx_word' id='word_1_110' title='bbox 802 1853 871 1916; x_wconf 89' lang='lat' dir='ltr'><strong>in</strong></span> <span class='ocrx_word' id='word_1_111' title='bbox 900 1859 1072 1918; x_wconf 67' lang='lat' dir='ltr'><strong>rebus</strong></span> <span class='ocrx_word' id='word_1_112' title='bbox 1110 1858 1216 1935; x_wconf 78' lang='lat' dir='ltr'><strong>iis,</strong></span> <span class='ocrx_word' id='word_1_113' title='bbox 1257 1880 1405 1939; x_wconf 81' lang='lat' dir='ltr'><strong>quas</strong></span> <span class='ocrx_word' id='word_1_114' title='bbox 1439 1860 1730 1939; x_wconf 78' lang='lat' dir='ltr'><strong>sapientia</strong></span> <span class='ocrx_word' id='word_1_115' title='bbox 1763 1860 1894 1942; x_wconf 87' lang='lat' dir='ltr'><strong>(ant</strong></span> <span class='ocrx_word' id='word_1_116' title='bbox 1927 1855 2332 1938; x_wconf 67' lang='lat' dir='ltr'><strong>philosophia)</strong></span> <span class='ocrx_word' id='word_1_117' title='bbox 2356 1879 2465 1920; x_wconf 79' lang='lat' dir='ltr'><strong>nos</strong></span> <span class='ocrx_word' id='word_1_118' title='bbox 2491 1860 2763 1937; x_wconf 83' lang='lat' dir='ltr'><strong>dooeret,</strong></span> 
     </span>
     <span class='ocr_line' id='line_1_15' title="bbox 802 1959 2764 2044; baseline 0.003 -24"><span class='ocrx_word' id='word_1_119' title='bbox 802 1959 1157 2024; x_wconf 85' lang='lat' dir='ltr'><strong>difficillima</strong></span> <span class='ocrx_word' id='word_1_120' title='bbox 1207 1984 1347 2024; x_wconf 85' lang='lat' dir='ltr'><strong>mox</strong></span> <span class='ocrx_word' id='word_1_121' title='bbox 1398 1964 1549 2024; x_wconf 83' lang='lat' dir='ltr'><strong>haeo</strong></span> <span class='ocrx_word' id='word_1_122' title='bbox 1583 1971 1938 2024; x_wconf 86' lang='lat' dir='ltr'><strong>numeratur</strong></span> <span class='ocrx_word' id='word_1_123' title='bbox 1955 2009 1975 2040; x_wconf 90' lang='lat'><strong>,</strong></span> <span class='ocrx_word' id='word_1_124' title='bbox 2016 1974 2084 2023; x_wconf 74' lang='lat' dir='ltr'><strong>ut</strong></span> <span class='ocrx_word' id='word_1_125' title='bbox 2113 1975 2339 2023; x_wconf 73' lang='lat' dir='ltr'><strong>nosmet</strong></span> <span class='ocrx_word' id='word_1_126' title='bbox 2373 1966 2535 2044; x_wconf 70' lang='lat' dir='ltr'><strong>ipsos</strong></span> <span class='ocrx_word' id='word_1_127' title='bbox 2567 1985 2764 2025; x_wconf 63' lang='lat' dir='ltr'><strong>noioe-</strong></span> 
     </span>
     <span class='ocr_line' id='line_1_16' title="bbox 799 2063 2764 2145; baseline 0.002 -22"><span class='ocrx_word' id='word_1_128' title='bbox 799 2084 993 2124; x_wconf 67' lang='lat' dir='ltr'><strong>remus</strong></span> <span class='ocrx_word' id='word_1_129' title='bbox 1008 2110 1026 2139; x_wconf 92' lang='lat'><strong>,</strong></span> <span class='ocrx_word' id='word_1_130' title='bbox 1084 2084 1269 2144; x_wconf 86' lang='lat' dir='ltr'><strong>quam</strong></span> <span class='ocrx_word' id='word_1_131' title='bbox 1318 2085 1458 2125; x_wconf 81' lang='lat' dir='ltr'><strong>sane</strong></span> <span class='ocrx_word' id='word_1_132' title='bbox 1505 2084 1687 2125; x_wconf 89' lang='lat' dir='ltr'><strong>nemo</strong></span> <span class='ocrx_word' id='word_1_133' title='bbox 1729 2073 1921 2126; x_wconf 78' lang='lat' dir='ltr'><strong>artem</strong></span> <span class='ocrx_word' id='word_1_134' title='bbox 1956 2063 2380 2143; x_wconf 71' lang='lat' dir='ltr'><strong>appellaverit:</strong></span> <span class='ocrx_word' id='word_1_135' title='bbox 2423 2065 2632 2145; x_wconf 85' lang='lat' dir='ltr'><strong>itaque</strong></span> <span class='ocrx_word' id='word_1_136' title='bbox 2660 2066 2764 2126; x_wconf 86' lang='lat' dir='ltr'><strong>in-</strong></span> 
     </span>
     <span class='ocr_line' id='line_1_17' title="bbox 799 2165 2219 2244; baseline 0.001 -18"><span class='ocrx_word' id='word_1_137' title='bbox 799 2165 1162 2244; x_wconf 76' lang='lat' dir='ltr'><strong>telligendae</strong></span> <span class='ocrx_word' id='word_1_138' title='bbox 1196 2168 1444 2228; x_wconf 69' lang='lat' dir='ltr'><strong>virtutes</strong></span> <span class='ocrx_word' id='word_1_139' title='bbox 1460 2213 1478 2243; x_wconf 92' lang='lat'><strong>,</strong></span> <span class='ocrx_word' id='word_1_140' title='bbox 1517 2168 1676 2228; x_wconf 79' lang='lat' dir='ltr'><strong>siout</strong></span> <span class='ocrx_word' id='word_1_141' title='bbox 1710 2165 1873 2227; x_wconf 83' lang='lat' dir='ltr'>Offic.</span> <span class='ocrx_word' id='word_1_142' title='bbox 1909 2166 2002 2243; x_wconf 84' lang='grc' dir='ltr'><strong>Π,</strong></span> <span class='ocrx_word' id='word_1_143' title='bbox 2043 2166 2117 2243; x_wconf 90' lang='lat'><strong>2,</strong></span> <span class='ocrx_word' id='word_1_144' title='bbox 2159 2167 2219 2228; x_wconf 88' lang='lat'><strong>6.</strong></span> 
     </span>
    </p>

    <p class='ocr_par' dir='ltr' id='par_1_3' title="bbox 784 2268 2763 3689">
     <span class='ocr_line' id='line_1_18' title="bbox 881 2268 2763 2350; baseline 0.002 -21"><span class='ocrx_word' id='word_1_145' title='bbox 881 2290 919 2329; x_wconf 81' lang='lat' dir='ltr'><em>a</em></span> <span class='ocrx_word' id='word_1_146' title='bbox 967 2271 1140 2330; x_wconf 68' lang='lat' dir='ltr'><strong>ouius</strong></span> <span class='ocrx_word' id='word_1_147' title='bbox 1188 2292 1380 2330; x_wconf 80' lang='lat' dir='ltr'><strong>amore</strong></span> <span class='ocrx_word' id='word_1_148' title='bbox 1424 2304 1506 2318; x_wconf 90' lang='lat'><strong>—-</strong></span> <span class='ocrx_word' id='word_1_149' title='bbox 1550 2290 1762 2330; x_wconf 75' lang='lat' dir='ltr'><strong>nomen</strong></span> <span class='ocrx_word' id='word_1_150' title='bbox 1794 2268 2053 2350; x_wconf 73' lang='lat' dir='ltr'><strong>invonit)</strong></span> <span class='ocrx_word' id='word_1_151' title='bbox 2130 2269 2451 2350; x_wconf 77' lang='lat' dir='ltr'><strong>Pel-peram</strong></span> <span class='ocrx_word' id='word_1_152' title='bbox 2484 2270 2554 2330; x_wconf 86' lang='lat' dir='ltr'><strong>in</strong></span> <span class='ocrx_word' id='word_1_153' title='bbox 2585 2270 2763 2332; x_wconf 71' lang='lat' dir='ltr'><strong>bonis</strong></span> 
     </span>
     <span class='ocr_line' id='line_1_19' title="bbox 797 2372 2760 2453; baseline 0.002 -21"><span class='ocrx_word' id='word_1_154' title='bbox 797 2390 1045 2452; x_wconf 82' lang='lat' dir='ltr'><strong>quoque</strong></span> <span class='ocrx_word' id='word_1_155' title='bbox 1085 2372 1258 2433; x_wconf 76' lang='lat' dir='ltr'><strong>libris</strong></span> <span class='ocrx_word' id='word_1_156' title='bbox 1304 2372 1616 2434; x_wconf 82' lang='lat' dir='ltr'><strong>nonnullis</strong></span> <span class='ocrx_word' id='word_1_157' title='bbox 1664 2373 1965 2434; x_wconf 86' lang='lat' dir='ltr'><strong>omittitur</strong></span> <span class='ocrx_word' id='word_1_158' title='bbox 2003 2393 2073 2432; x_wconf 80' lang='lat' dir='ltr'><strong>a:</strong></span> <span class='ocrx_word' id='word_1_159' title='bbox 2114 2392 2316 2453; x_wconf 88' lang='lat' dir='ltr'><strong>neque</strong></span> <span class='ocrx_word' id='word_1_160' title='bbox 2349 2373 2518 2433; x_wconf 88' lang='lat' dir='ltr'><strong>enim</strong></span> <span class='ocrx_word' id='word_1_161' title='bbox 2557 2373 2760 2435; x_wconf 74' lang='lat' dir='ltr'><strong>nudus</strong></span> 
     </span>
     <span class='ocr_line' id='line_1_20' title="bbox 795 2473 2756 2557; baseline 0.001 -20"><span class='ocrx_word' id='word_1_162' title='bbox 795 2473 1109 2537; x_wconf 82' lang='lat' dir='ltr'><strong>Ablativus</strong></span> <span class='ocrx_word' id='word_1_163' title='bbox 1148 2477 1429 2557; x_wconf 86' lang='lat' dir='ltr'><strong>ponitur,</strong></span> <span class='ocrx_word' id='word_1_164' title='bbox 1471 2475 1590 2536; x_wconf 79' lang='lat' dir='ltr'><strong>nisi</strong></span> <span class='ocrx_word' id='word_1_165' title='bbox 1629 2494 1824 2557; x_wconf 88' lang='lat' dir='ltr'><strong>quum</strong></span> <span class='ocrx_word' id='word_1_166' title='bbox 1856 2476 2084 2536; x_wconf 81' lang='lat' dir='ltr'><strong>sactum</strong></span> <span class='ocrx_word' id='word_1_167' title='bbox 2119 2474 2382 2537; x_wconf 78' lang='lat' dir='ltr'><strong>hominis</strong></span> <span class='ocrx_word' id='word_1_168' title='bbox 2411 2476 2722 2539; x_wconf 80' lang='lat' dir='ltr'><strong>indicatur</strong></span> <span class='ocrx_word' id='word_1_169' title='bbox 2735 2525 2756 2556; x_wconf 92' lang='lat'><strong>,</strong></span> 
     </span>
     <span class='ocr_line' id='line_1_21' title="bbox 796 2579 2751 2660; baseline 0.003 -21"><span class='ocrx_word' id='word_1_170' title='bbox 796 2600 911 2660; x_wconf 73' lang='lat' dir='ltr'><strong>quo</strong></span> <span class='ocrx_word' id='word_1_171' title='bbox 966 2581 1016 2639; x_wconf 83' lang='lat' dir='ltr'><strong>is</strong></span> <span class='ocrx_word' id='word_1_172' title='bbox 1066 2600 1291 2641; x_wconf 88' lang='lat' dir='ltr'><strong>nomen</strong></span> <span class='ocrx_word' id='word_1_173' title='bbox 1335 2581 1669 2656; x_wconf 83' lang='lat' dir='ltr'><strong>invenerit,</strong></span> <span class='ocrx_word' id='word_1_174' title='bbox 1709 2582 1865 2641; x_wconf 73' lang='lat' dir='ltr'><strong>sicut</strong></span> <span class='ocrx_word' id='word_1_175' title='bbox 1920 2579 1999 2639; x_wconf 90' lang='lat' dir='ltr'><strong>de</strong></span> <span class='ocrx_word' id='word_1_176' title='bbox 2034 2579 2364 2659; x_wconf 81' lang='lat' dir='ltr'><strong>Torquato,</strong></span> <span class='ocrx_word' id='word_1_177' title='bbox 2407 2581 2534 2643; x_wconf 74' lang='lat' dir='ltr'><strong>Pin.</strong></span> <span class='ocrx_word' id='word_1_178' title='bbox 2573 2582 2603 2642; x_wconf 86' lang='lat'><em>1</em></span> <span class='ocrx_word' id='word_1_179' title='bbox 2622 2628 2642 2659; x_wconf 90' lang='lat'>‚</span> <span class='ocrx_word' id='word_1_180' title='bbox 2681 2582 2751 2659; x_wconf 84' lang='lat'><strong>7,</strong></span> 
     </span>
     <span class='ocr_line' id='line_1_22' title="bbox 794 2681 2752 2764; baseline 0.002 -22"><span class='ocrx_word' id='word_1_181' title='bbox 794 2681 875 2742; x_wconf 84' lang='lat'><strong>23</strong></span> <span class='ocrx_word' id='word_1_182' title='bbox 892 2706 911 2759; x_wconf 82' lang='lat'>3</span> <span class='ocrx_word' id='word_1_183' title='bbox 972 2681 1260 2763; x_wconf 81' lang='lat' dir='ltr'><strong>idemque</strong></span> <span class='ocrx_word' id='word_1_184' title='bbox 1320 2684 1481 2743; x_wconf 81' lang='lat' dir='ltr'><strong>valet</strong></span> <span class='ocrx_word' id='word_1_185' title='bbox 1540 2703 1734 2764; x_wconf 86' lang='lat' dir='ltr'><strong>quum</strong></span> <span class='ocrx_word' id='word_1_186' title='bbox 1797 2686 1898 2743; x_wconf 64' lang='grc' dir='ltr'><strong>π’</strong></span> <span class='ocrx_word' id='word_1_187' title='bbox 1930 2703 1995 2742; x_wconf 85' lang='lat' dir='ltr'><strong>eo</strong></span> <span class='ocrx_word' id='word_1_188' title='bbox 2065 2684 2345 2761; x_wconf 88' lang='lat' dir='ltr'><strong>ponitur,</strong></span> <span class='ocrx_word' id='word_1_189' title='bbox 2401 2683 2601 2746; x_wconf 78' lang='lat' dir='ltr'><strong>Divin.</strong></span> <span class='ocrx_word' id='word_1_190' title='bbox 2661 2684 2752 2762; x_wconf 87' lang='lat'><strong>11,</strong></span> 
     </span>
     <span class='ocr_line' id='line_1_23' title="bbox 794 2782 2753 2866; baseline 0.003 -24"><span class='ocrx_word' id='word_1_191' title='bbox 794 2782 874 2845; x_wconf 83' lang='lat'><strong>32</strong></span> <span class='ocrx_word' id='word_1_192' title='bbox 887 2830 907 2860; x_wconf 91' lang='lat'><strong>,</strong></span> <span class='ocrx_word' id='word_1_193' title='bbox 948 2784 1057 2846; x_wconf 89' lang='lat'><strong>69:</strong></span> <span class='ocrx_word' id='word_1_194' title='bbox 1105 2785 1210 2845; x_wconf 80' lang='lat' dir='ltr'><strong>sed</strong></span> <span class='ocrx_word' id='word_1_195' title='bbox 1255 2785 1632 2866; x_wconf 83' lang='lat' dir='ltr'><strong>philosophia</strong></span> <span class='ocrx_word' id='word_1_196' title='bbox 1673 2785 1847 2846; x_wconf 89' lang='lat' dir='ltr'><strong>nullo</strong></span> <span class='ocrx_word' id='word_1_197' title='bbox 1895 2805 2003 2846; x_wconf 84' lang='lat' dir='ltr'><strong>suo</strong></span> <span class='ocrx_word' id='word_1_198' title='bbox 2048 2785 2208 2847; x_wconf 80' lang='lat' dir='ltr'><strong>sacto</strong></span> <span class='ocrx_word' id='word_1_199' title='bbox 2225 2834 2243 2863; x_wconf 92' lang='lat'>‚</span> <span class='ocrx_word' id='word_1_200' title='bbox 2297 2807 2512 2848; x_wconf 79' lang='lat' dir='ltr'><strong>verum</strong></span> <span class='ocrx_word' id='word_1_201' title='bbox 2560 2788 2753 2849; x_wconf 87' lang='lat' dir='ltr'><strong>homi·</strong></span> 
     </span>
     <span class='ocr_line' id='line_1_24' title="bbox 792 2888 2750 2969; baseline 0.003 -22"><span class='ocrx_word' id='word_1_202' title='bbox 792 2906 945 2947; x_wconf 87' lang='lat' dir='ltr'><strong>num</strong></span> <span class='ocrx_word' id='word_1_203' title='bbox 979 2888 1282 2964; x_wconf 86' lang='lat' dir='ltr'><strong>oratione,</strong></span> <span class='ocrx_word' id='word_1_204' title='bbox 1324 2909 1549 2949; x_wconf 88' lang='lat' dir='ltr'><strong>nomen</strong></span> <span class='ocrx_word' id='word_1_205' title='bbox 1575 2888 1812 2949; x_wconf 82' lang='lat' dir='ltr'><strong>invenit</strong></span> <span class='ocrx_word' id='word_1_206' title='bbox 1846 2889 1921 2948; x_wconf 81' lang='lat' dir='ltr'><strong>ab</strong></span> <span class='ocrx_word' id='word_1_207' title='bbox 1957 2908 2161 2948; x_wconf 89' lang='lat' dir='ltr'><strong>amore</strong></span> <span class='ocrx_word' id='word_1_208' title='bbox 2193 2889 2538 2969; x_wconf 83' lang='lat' dir='ltr'><strong>sapientiae.</strong></span> <span class='ocrx_word' id='word_1_209' title='bbox 2617 2892 2750 2953; x_wconf 83' lang='lat' dir='ltr'><strong>Non</strong></span> 
     </span>
     <span class='ocr_line' id='line_1_25' title="bbox 792 2990 2749 3075; baseline 0.003 -24"><span class='ocrx_word' id='word_1_210' title='bbox 792 2990 1049 3051; x_wconf 81' lang='lat' dir='ltr'><strong>attendit</strong></span> <span class='ocrx_word' id='word_1_211' title='bbox 1100 2993 1477 3054; x_wconf 78' lang='lat' dir='ltr'><strong>Goerenzius.</strong></span> <span class='ocrx_word' id='word_1_212' title='bbox 1527 3026 1609 3039; x_wconf 89' lang='lat'>—</span> <span class='ocrx_word' id='word_1_213' title='bbox 1654 2991 1825 3067; x_wconf 87' lang='lat' dir='ltr'><strong>Quod</strong></span> <span class='ocrx_word' id='word_1_214' title='bbox 1872 2992 2191 3053; x_wconf 82' lang='lat' dir='ltr'><strong>subiicitur</strong></span> <span class='ocrx_word' id='word_1_215' title='bbox 2222 2993 2547 3054; x_wconf 77' lang='lat' dir='ltr'><strong>relativum</strong></span> <span class='ocrx_word' id='word_1_216' title='bbox 2565 3041 2585 3071; x_wconf 89' lang='lat'><strong>,</strong></span> <span class='ocrx_word' id='word_1_217' title='bbox 2629 3015 2749 3075; x_wconf 69' lang='lat' dir='ltr'><strong>qua</strong></span> 
     </span>
     <span class='ocr_line' id='line_1_26' title="bbox 791 3094 2749 3177; baseline 0.002 -24"><span class='ocrx_word' id='word_1_218' title='bbox 791 3094 953 3155; x_wconf 69' lang='lat' dir='ltr'><strong>nihil</strong></span> <span class='ocrx_word' id='word_1_219' title='bbox 995 3126 1110 3172; x_wconf 90' lang='lat'><strong>—-,</strong></span> <span class='ocrx_word' id='word_1_220' title='bbox 1170 3097 1247 3157; x_wconf 89' lang='lat' dir='ltr'><strong>ad</strong></span> <span class='ocrx_word' id='word_1_221' title='bbox 1308 3097 1665 3176; x_wconf 73' lang='lat' dir='ltr'><strong>sapientiam</strong></span> <span class='ocrx_word' id='word_1_222' title='bbox 1685 3141 1703 3170; x_wconf 91' lang='lat'><strong>,</strong></span> <span class='ocrx_word' id='word_1_223' title='bbox 1756 3115 1879 3154; x_wconf 90' lang='lat' dir='ltr'><strong>non</strong></span> <span class='ocrx_word' id='word_1_224' title='bbox 1939 3095 2016 3154; x_wconf 83' lang='lat' dir='ltr'><strong>ad</strong></span> <span class='ocrx_word' id='word_1_225' title='bbox 2071 3095 2506 3176; x_wconf 74' lang='lat' dir='ltr'><strong>philosophiam</strong></span> <span class='ocrx_word' id='word_1_226' title='bbox 2528 3144 2546 3173; x_wconf 90' lang='lat'><em>‚</em></span> <span class='ocrx_word' id='word_1_227' title='bbox 2605 3117 2749 3177; x_wconf 81' lang='lat' dir='ltr'><strong>per-</strong></span> 
     </span>
     <span class='ocr_line' id='line_1_27' title="bbox 790 3197 2747 3278; baseline 0.002 -21"><span class='ocrx_word' id='word_1_228' title='bbox 790 3198 976 3259; x_wconf 87' lang='lat' dir='ltr'><strong>tinet:</strong></span> <span class='ocrx_word' id='word_1_229' title='bbox 1018 3219 1134 3259; x_wconf 87' lang='lat' dir='ltr'><strong>neo</strong></span> <span class='ocrx_word' id='word_1_230' title='bbox 1164 3218 1403 3260; x_wconf 78' lang='lat' dir='ltr'><strong>neeesse</strong></span> <span class='ocrx_word' id='word_1_231' title='bbox 1434 3207 1521 3258; x_wconf 83' lang='lat' dir='ltr'><strong>est</strong></span> <span class='ocrx_word' id='word_1_232' title='bbox 1548 3199 1717 3259; x_wconf 87' lang='lat' dir='ltr'><strong>huno</strong></span> <span class='ocrx_word' id='word_1_233' title='bbox 1739 3197 1942 3258; x_wconf 85' lang='lat' dir='ltr'><strong>locum</strong></span> <span class='ocrx_word' id='word_1_234' title='bbox 1979 3197 2056 3258; x_wconf 87' lang='lat' dir='ltr'><strong>ab</strong></span> <span class='ocrx_word' id='word_1_235' title='bbox 2086 3198 2424 3278; x_wconf 77' lang='lat' dir='ltr'><strong>Augustino</strong></span> <span class='ocrx_word' id='word_1_236' title='bbox 2458 3199 2747 3277; x_wconf 78' lang='lat' dir='ltr'><strong>indicari,</strong></span> 
     </span>
     <span class='ocr_line' id='line_1_28' title="bbox 792 3300 2747 3381; baseline 0.001 -20"><span class='ocrx_word' id='word_1_237' title='bbox 792 3301 999 3362; x_wconf 63' lang='lat' dir='ltr'><strong>cim).</strong></span> <span class='ocrx_word' id='word_1_238' title='bbox 1016 3302 1204 3378; x_wconf 89' lang='lat' dir='ltr'><strong>XXII,</strong></span> <span class='ocrx_word' id='word_1_239' title='bbox 1225 3302 1331 3378; x_wconf 88' lang='lat'><strong>22,</strong></span> <span class='ocrx_word' id='word_1_240' title='bbox 1351 3302 1452 3362; x_wconf 88' lang='lat' dir='ltr'><strong>fin.</strong></span> <span class='ocrx_word' id='word_1_241' title='bbox 1468 3347 1486 3378; x_wconf 89' lang='lat'><em>‚</em></span> <span class='ocrx_word' id='word_1_242' title='bbox 1503 3321 1698 3381; x_wconf 90' lang='lat' dir='ltr'><strong>quum</strong></span> <span class='ocrx_word' id='word_1_243' title='bbox 1725 3301 1831 3360; x_wconf 86' lang='lat' dir='ltr'><strong>alii</strong></span> <span class='ocrx_word' id='word_1_244' title='bbox 1859 3303 1980 3360; x_wconf 79' lang='lat' dir='ltr'><strong>sint</strong></span> <span class='ocrx_word' id='word_1_245' title='bbox 2005 3300 2274 3362; x_wconf 78' lang='lat' dir='ltr'><strong>eiusdem</strong></span> <span class='ocrx_word' id='word_1_246' title='bbox 2296 3303 2649 3363; x_wconf 80' lang='lat' dir='ltr'><strong>sententiae.</strong></span> <span class='ocrx_word' id='word_1_247' title='bbox 2668 3335 2747 3348; x_wconf 90' lang='lat'>—</span> 
     </span>
     <span class='ocr_line' id='line_1_29' title="bbox 788 3405 2750 3484; baseline 0 -18"><span class='ocrx_word' id='word_1_248' title='bbox 788 3406 1224 3466; x_wconf 71' lang='lat' dir='ltr'><strong>Praestabilius</strong></span> <span class='ocrx_word' id='word_1_249' title='bbox 1249 3405 1417 3484; x_wconf 87' lang='lat' dir='ltr'><strong>quod</strong></span> <span class='ocrx_word' id='word_1_250' title='bbox 1443 3405 1506 3465; x_wconf 92' lang='lat' dir='ltr'><strong>h.</strong></span> <span class='ocrx_word' id='word_1_251' title='bbox 1533 3405 1576 3464; x_wconf 92' lang='lat' dir='ltr'><strong>l.</strong></span> <span class='ocrx_word' id='word_1_252' title='bbox 1605 3405 1881 3464; x_wconf 86' lang='lat' dir='ltr'><strong>omnium</strong></span> <span class='ocrx_word' id='word_1_253' title='bbox 1904 3424 2195 3465; x_wconf 80' lang='lat' dir='ltr'><strong>consensu</strong></span> <span class='ocrx_word' id='word_1_254' title='bbox 2218 3405 2474 3484; x_wconf 81' lang='lat' dir='ltr'><strong>legitur,</strong></span> <span class='ocrx_word' id='word_1_255' title='bbox 2505 3406 2750 3466; x_wconf 78' lang='lat' dir='ltr'><strong>induxit</strong></span> 
     </span>
     <span class='ocr_line' id='line_1_30' title="bbox 784 3506 2746 3588; baseline 0.002 -21"><span class='ocrx_word' id='word_1_256' title='bbox 784 3508 1033 3568; x_wconf 79' lang='lat' dir='ltr'><strong>fortasse</strong></span> <span class='ocrx_word' id='word_1_257' title='bbox 1059 3508 1111 3566; x_wconf 91' lang='lat' dir='ltr'>N</span> <span class='ocrx_word' id='word_1_258' title='bbox 1112 3509 1324 3568; x_wconf 88' lang='lat' dir='ltr'><strong>onium</strong></span> <span class='ocrx_word' id='word_1_259' title='bbox 1339 3553 1359 3584; x_wconf 91' lang='lat'><strong>,</strong></span> <span class='ocrx_word' id='word_1_260' title='bbox 1402 3516 1471 3568; x_wconf 89' lang='lat' dir='ltr'><strong>ut</strong></span> <span class='ocrx_word' id='word_1_261' title='bbox 1504 3528 1561 3568; x_wconf 76' lang='lat' dir='ltr'><strong>v.</strong></span> <span class='ocrx_word' id='word_1_262' title='bbox 1585 3519 1887 3588; x_wconf 74' lang='lat' dir='ltr'><strong>praestare</strong></span> <span class='ocrx_word' id='word_1_263' title='bbox 1904 3552 1923 3585; x_wconf 94' lang='lat'><strong>,</strong></span> <span class='ocrx_word' id='word_1_264' title='bbox 1963 3509 2127 3570; x_wconf 88' lang='lat' dir='ltr'><strong>idem</strong></span> <span class='ocrx_word' id='word_1_265' title='bbox 2159 3509 2440 3569; x_wconf 79' lang='lat' dir='ltr'><strong>recitaret</strong></span> <span class='ocrx_word' id='word_1_266' title='bbox 2471 3529 2547 3569; x_wconf 83' lang='lat' dir='ltr'><strong>ex</strong></span> <span class='ocrx_word' id='word_1_267' title='bbox 2585 3506 2746 3570; x_wconf 81' lang='lat' dir='ltr'><strong>Offie.</strong></span> 
     </span>
     <span class='ocr_line' id='line_1_31' title="bbox 785 3609 1101 3689; baseline 0.003 -21"><span class='ocrx_word' id='word_1_268' title='bbox 785 3609 849 3668; x_wconf 92' lang='lat'><strong>11</strong></span> <span class='ocrx_word' id='word_1_269' title='bbox 868 3655 889 3689; x_wconf 87' lang='lat'><strong>,</strong></span> <span class='ocrx_word' id='word_1_270' title='bbox 926 3609 1001 3686; x_wconf 89' lang='lat'><strong>2,</strong></span> <span class='ocrx_word' id='word_1_271' title='bbox 1041 3611 1101 3669; x_wconf 87' lang='lat'><strong>5.</strong></span> 
     </span>
    </p>

    <p class='ocr_par' dir='ltr' id='par_1_4' title="bbox 773 3712 2745 4104">
     <span class='ocr_line' id='line_1_32' title="bbox 870 3712 2742 3795; baseline 0.003 -25"><span class='ocrx_word' id='word_1_272' title='bbox 870 3712 1012 3771; x_wconf 75' lang='lat' dir='ltr'><strong>haec</strong></span> <span class='ocrx_word' id='word_1_273' title='bbox 1063 3713 1223 3771; x_wconf 79' lang='lat' dir='ltr'><strong>enim</strong></span> <span class='ocrx_word' id='word_1_274' title='bbox 1268 3733 1390 3773; x_wconf 73' lang='lat' dir='ltr'><strong>una</strong></span> <span class='ocrx_word' id='word_1_275' title='bbox 1437 3733 1544 3773; x_wconf 70' lang='lat' dir='ltr'><strong>noo</strong></span> <span class='ocrx_word' id='word_1_276' title='bbox 1578 3712 1682 3793; x_wconf 92' lang='lat'><strong>—)</strong></span> <span class='ocrx_word' id='word_1_277' title='bbox 1761 3712 1969 3774; x_wconf 85' lang='lat' dir='ltr'><strong>Ambr.</strong></span> <span class='ocrx_word' id='word_1_278' title='bbox 2005 3738 2043 3773; x_wconf 85' lang='grc' dir='ltr'><strong><em>α</em></strong></span> <span class='ocrx_word' id='word_1_279' title='bbox 2076 3735 2200 3775; x_wconf 77' lang='lat' dir='ltr'><strong>uno</strong></span> <span class='ocrx_word' id='word_1_280' title='bbox 2241 3736 2386 3775; x_wconf 70' lang='lat' dir='ltr'><strong>vox.-</strong></span> <span class='ocrx_word' id='word_1_281' title='bbox 2426 3735 2587 3795; x_wconf 85' lang='lat' dir='ltr'><strong>quae</strong></span> <span class='ocrx_word' id='word_1_282' title='bbox 2623 3723 2742 3775; x_wconf 83' lang='lat' dir='ltr'><strong>tam</strong></span> 
     </span>
     <span class='ocr_line' id='line_1_33' title="bbox 791 3813 2744 3899; baseline 0.002 -24"><span class='ocrx_word' id='word_1_283' title='bbox 791 3814 985 3876; x_wconf 77' lang='lat' dir='ltr'><strong>facilis</strong></span> <span class='ocrx_word' id='word_1_284' title='bbox 1015 3813 1288 3876; x_wconf 78' lang='lat' dir='ltr'><strong>confusio</strong></span> <span class='ocrx_word' id='word_1_285' title='bbox 1322 3825 1444 3892; x_wconf 80' lang='lat' dir='ltr'><strong>est,</strong></span> <span class='ocrx_word' id='word_1_286' title='bbox 1486 3835 1670 3896; x_wconf 85' lang='lat' dir='ltr'><strong>quam</strong></span> <span class='ocrx_word' id='word_1_287' title='bbox 1705 3816 1918 3875; x_wconf 89' lang='lat' dir='ltr'><strong>tritum</strong></span> <span class='ocrx_word' id='word_1_288' title='bbox 1953 3827 2042 3877; x_wconf 88' lang='lat' dir='ltr'><strong>est</strong></span> <span class='ocrx_word' id='word_1_289' title='bbox 2076 3826 2145 3877; x_wconf 90' lang='lat' dir='ltr'><strong>ut</strong></span> <span class='ocrx_word' id='word_1_290' title='bbox 2179 3826 2607 3899; x_wconf 81' lang='lat' dir='ltr'><strong>permutentur</strong></span> <span class='ocrx_word' id='word_1_291' title='bbox 2640 3839 2744 3879; x_wconf 78' lang='lat' dir='ltr'><strong>noe</strong></span> 
     </span>
     <span class='ocr_line' id='line_1_34' title="bbox 773 3918 2745 3999; baseline 0.002 -19"><span class='ocrx_word' id='word_1_292' title='bbox 773 3928 853 3980; x_wconf 72' lang='lat' dir='ltr'><strong>‘et</strong></span> <span class='ocrx_word' id='word_1_293' title='bbox 884 3920 1006 3980; x_wconf 70' lang='lat' dir='ltr'><strong>hoo.</strong></span> <span class='ocrx_word' id='word_1_294' title='bbox 1088 3918 1259 3980; x_wconf 83' lang='lat' dir='ltr'><strong>Hune</strong></span> <span class='ocrx_word' id='word_1_295' title='bbox 1304 3920 1509 3982; x_wconf 80' lang='lat' dir='ltr'><strong>locum</strong></span> <span class='ocrx_word' id='word_1_296' title='bbox 1544 3920 1809 3980; x_wconf 88' lang='lat' dir='ltr'><strong>libenter</strong></span> <span class='ocrx_word' id='word_1_297' title='bbox 1839 3920 2149 3982; x_wconf 84' lang='lat' dir='ltr'><strong>elaborare</strong></span> <span class='ocrx_word' id='word_1_298' title='bbox 2181 3922 2330 3982; x_wconf 78' lang='lat' dir='ltr'><strong>solet</strong></span> <span class='ocrx_word' id='word_1_299' title='bbox 2363 3923 2608 3999; x_wconf 82' lang='lat' dir='ltr'><strong>Cicero,</strong></span> <span class='ocrx_word' id='word_1_300' title='bbox 2649 3942 2745 3983; x_wconf 80' lang='lat' dir='ltr'><strong>ve-</strong></span> 
     </span>
     <span class='ocr_line' id='line_1_35' title="bbox 789 4022 2743 4104; baseline 0.002 -21"><span class='ocrx_word' id='word_1_301' title='bbox 789 4024 906 4084; x_wconf 90' lang='lat' dir='ltr'><strong>luti</strong></span> <span class='ocrx_word' id='word_1_302' title='bbox 941 4024 1106 4084; x_wconf 71' lang='lat' dir='ltr'><strong>Tusa.</strong></span> <span class='ocrx_word' id='word_1_303' title='bbox 1140 4022 1210 4100; x_wconf 88' lang='lat' dir='ltr'><strong>V,</strong></span> <span class='ocrx_word' id='word_1_304' title='bbox 1248 4023 1361 4099; x_wconf 56' lang='lat'><strong>24,</strong></span> <span class='ocrx_word' id='word_1_305' title='bbox 1391 4044 1476 4104; x_wconf 75' lang='lat' dir='ltr'><strong>sq.</strong></span> <span class='ocrx_word' id='word_1_306' title='bbox 1492 4069 1512 4100; x_wconf 90' lang='lat'><strong>,</strong></span> <span class='ocrx_word' id='word_1_307' title='bbox 1554 4033 1792 4085; x_wconf 84' lang='lat' dir='ltr'><strong>secutus</strong></span> <span class='ocrx_word' id='word_1_308' title='bbox 1827 4024 2085 4086; x_wconf 82' lang='lat' dir='ltr'><strong>Platonis</strong></span> <span class='ocrx_word' id='word_1_309' title='bbox 2114 4026 2571 4103; x_wconf 83' lang='lat' dir='ltr'><strong>auctoritatem,</strong></span> <span class='ocrx_word' id='word_1_310' title='bbox 2612 4046 2743 4087; x_wconf 59' lang='grc' dir='ltr'><strong>ιο.</strong></span> 
     </span>
    </p>
   </div>
   <div class='ocr_carea' id='block_1_3' title="bbox 788 4124 2742 4209">
    <p class='ocr_par' dir='ltr' id='par_1_5' title="bbox 788 4124 2742 4209">
     <span class='ocr_line' id='line_1_36' title="bbox 788 4124 2742 4209; baseline 0.003 -23"><span class='ocrx_word' id='word_1_311' title='bbox 788 4124 1044 4206; x_wconf 84' lang='lat' dir='ltr'><strong>Republ.</strong></span> <span class='ocrx_word' id='word_1_312' title='bbox 1095 4125 1193 4187; x_wconf 84' lang='lat' dir='ltr'><strong>VI.</strong></span> <span class='ocrx_word' id='word_1_313' title='bbox 1246 4148 1308 4205; x_wconf 86' lang='lat' dir='ltr'><strong>p.</strong></span> <span class='ocrx_word' id='word_1_314' title='bbox 1345 4126 1490 4204; x_wconf 86' lang='lat'><strong>485,</strong></span> <span class='ocrx_word' id='word_1_315' title='bbox 1550 4148 1639 4208; x_wconf 77' lang='lat' dir='ltr'><strong>sq.</strong></span> <span class='ocrx_word' id='word_1_316' title='bbox 1694 4128 1849 4205; x_wconf 86' lang='lat'><strong>500,</strong></span> <span class='ocrx_word' id='word_1_317' title='bbox 1891 4128 1955 4191; x_wconf 89' lang='lat' dir='ltr'><strong>B.</strong></span> <span class='ocrx_word' id='word_1_318' title='bbox 1992 4129 2054 4191; x_wconf 89' lang='lat' dir='ltr'><strong>C.</strong></span> <span class='ocrx_word' id='word_1_319' title='bbox 2101 4130 2282 4209; x_wconf 72' lang='lat' dir='ltr'><strong>Legg.</strong></span> <span class='ocrx_word' id='word_1_320' title='bbox 2318 4128 2448 4190; x_wconf 85' lang='lat' dir='ltr'>XII.</span> <span class='ocrx_word' id='word_1_321' title='bbox 2493 4148 2555 4207; x_wconf 89' lang='lat' dir='ltr'><strong>p.</strong></span> <span class='ocrx_word' id='word_1_322' title='bbox 2605 4129 2742 4192; x_wconf 85' lang='lat'>966.</span> 
     </span>
    </p>
   </div>
  </div>
 </body>
</html>
