3131 5032
478 681 844 752 verborum
880 678 1174 769 laboret,
1221 681 1337 751 sed
1380 704 1542 752 sono
1576 683 1776 752 etiam
1815 696 1882 752 et
1922 707 2199 755 numero
2240 710 2431 757 aures

479 812 710 904 potius
766 805 1046 900 implere
1104 829 1309 900 quam
1362 808 1660 880 animum
1720 809 2079 904 percellere
2116 827 2433 907 quaerat3

479 938 753 1006 omnino
795 946 938 1005 toto
979 955 1220 1027 genere
1262 947 1550 1007 comtam
1595 958 1739 1008 esse
1781 937 2154 1009 Tullianam
2192 942 2435 1011 oratio-

482 1086 640 1133 nem
677 1074 750 1131 et
804 1060 1249 1132 luxuriantem
1269 1113 1291 1150 ‚
1337 1083 1705 1157 sensusque
1742 1065 1920 1158 ipsos
1965 1063 2141 1136 ultra
2161 1117 2182 1153 ‚
2231 1089 2437 1160 quam

484 1190 764 1279 deceat,
823 1187 1066 1282 politos
1119 1202 1188 1260 et
1254 1202 1670 1280 attenuatae,
1722 1214 1856 1264 non
1907 1195 2112 1285 igitur
2155 1194 2436 1265 naturali

486 1321 747 1410 vigore,
795 1316 914 1387 sed
977 1315 1275 1388 studiose
1326 1319 1641 1411 quaesitis
1689 1332 2224 1391 ornamentorum
2262 1334 2436 1391 tam-

485 1466 691 1537 quam
735 1441 961 1513 fulcris
1009 1443 1312 1514 incedere
1334 1496 1354 1532 ,
1425 1467 1729 1538 magnam
1796 1459 2054 1539 partem
2108 1469 2188 1517 ex
2233 1471 2433 1542 prava

487 1573 893 1641 Graecorum
950 1570 1313 1642 imitatione
1364 1569 1725 1663 profectam
1746 1623 1767 1660 ‚
1820 1574 2214 1667 ingenioque
2284 1595 2436 1644 vere

494 1699 790 1767 Romano
828 1697 1193 1789 indignam.

586 1823 767 1894 Haec
818 1824 877 1894 si
932 1845 1085 1894 vere
1143 1824 1649 1917 disputarentur
1673 1876 1694 1912 ,
1743 1823 1911 1917 quid
1962 1838 2137 1896 esset
2189 1848 2328 1918 quo
2370 1838 2437 1895 et

483 1952 595 2021 alii
633 1950 869 2040 multi,
918 1964 988 2021 et
1031 1973 1151 2021 nos
1207 1952 1330 2044 ipsi
1377 1972 1841 2022 excusaremus
1886 1951 2179 2021 laborem
2221 1964 2291 2022 et
2331 1953 2434 2022 in-

481 2079 808 2149 dustriam
830 2128 851 2166 ‚
898 2102 1111 2172 quum
1154 2077 1315 2148 nihil
1373 2077 1558 2149 aliud
1610 2101 1804 2172 agere
1847 2078 2261 2167 videremur,
2313 2081 2436 2149 nisi

486 2218 563 2276 ut
603 2228 807 2300 prava
851 2218 923 2276 et
962 2217 1276 2299 corrupta
1315 2205 1651 2299 cogitandi
1689 2204 2091 2299 dicendique
2131 2205 2433 2300 exempla

478 2332 1101 2404 commendaremus
1153 2344 1223 2403 et
1276 2354 1793 2427 propagaremus
1809 2382 1831 2420 ‚
1891 2356 1931 2401 e
1982 2331 2230 2426 quibus
2276 2333 2432 2403 satis

479 2471 654 2531 esset
694 2459 1002 2532 didicisse
1038 2458 1492 2531 centuriarum
1528 2459 1597 2529 in
1636 2470 1858 2530 vetere
1893 2479 1966 2528 re
1996 2432 2274 2554 publica
2310 2482 2432 2529 nu-

478 2609 742 2658 merum
785 2586 1154 2681 similiaque
1197 2611 1369 2681 quae
1414 2586 1501 2658 ad
1540 2587 1756 2681 prisca
1801 2587 2083 2657 civitatis
2131 2588 2431 2657 instituta

485 2714 926 2805 cognoscenda
960 2712 1331 2786 referantur
1349 2711 1389 2783 ⁴?
1436 2715 1572 2784 Nec
1605 2735 1834 2784 vereor
1867 2735 1953 2782 ne
1981 2712 2236 2807 fingere
2272 2712 2433 2784 haec

478 2838 737 2909 videar:
773 2853 932 2913 sunt
971 2842 1043 2911 in
1074 2842 1373 2912 omnium
1406 2862 1550 2911 ore:
1592 2853 1659 2910 et
1697 2862 2202 2932 nonnumquam
2247 2851 2430 2911 tanto

480 2967 739 3036 acutior
776 2968 926 3060 quis
957 2979 1026 3038 et
1057 2967 1189 3038 sibi
1223 2979 1295 3036 et
1333 2965 1476 3035 aliis
1521 2964 1789 3035 videtur
1808 3015 1829 3052 ,
1868 2975 2125 3057 quanto
2159 2962 2430 3032 liberius

474 3091 925 3188 audaciusque
971 3095 1039 3164 in
1078 3094 1459 3165 Ciceronem
1507 3090 1863 3163 invehitur.
1964 3088 2097 3161 Sed
2134 3090 2188 3162 si
2234 3111 2428 3181 exag-
2543 3143 2564 3156 .

472 3230 699 3310 gen-ata
756 3220 965 3290 oratio
1027 3222 1325 3315 ipsorum
1379 3220 1448 3288 in
1508 3219 1741 3314 primis
1812 3217 2060 3289 iudicio
2134 3218 2204 3288 in
2267 3216 2428 3287 vitio

471 3347 777 3440 ponenda
821 3360 927 3419 est
944 3398 966 3436 ‚
1015 3346 1261 3419 idcireo
1307 3347 1528 3417 minus
1571 3344 1945 3415 damnanda
1986 3346 2114 3416 erit
2157 3365 2425 3438 exagge-

470 3487 613 3544 rata
650 3471 926 3570 opinio?
992 3474 1385 3546 perdifficile
1404 3527 1425 3563 ‚
1465 3474 1651 3545 verbi
1683 3497 1879 3546 causa
1902 3525 1924 3563 ,
1974 3486 2044 3543 et
2083 3472 2423 3544 lubricum

468 3615 573 3672 est
607 3602 898 3673 iudicare
929 3603 999 3671 in
1038 3600 1168 3673 hoc
1203 3622 1444 3695 genere
1478 3601 1646 3695 quid
1677 3601 2052 3672 Romanum
2084 3601 2208 3690 sit,
2256 3599 2424 3694 quid

470 3731 715 3800 minus.
825 3728 897 3800 si
951 3729 1357 3801 concedatur
1421 3741 1636 3800 totum
1698 3751 1739 3798 e
1807 3728 2075 3799 Graecis
2132 3724 2426 3820 pendere

468 3857 856 3930 Ciceronem
872 3909 895 3946 ‚
945 3855 1422 3949 negabimusne
1461 3877 1544 3926 ex
1585 3879 1721 3927 uno
1765 3853 2158 3950 Thucydide
2187 3863 2424 3946 aptum

465 4005 610 4054 esse
661 3982 1084 4056 Salustium?
1170 3985 1508 4057 Incertum
1567 3984 1770 4077 igitur
1826 3983 2228 4077 relinquitur
2273 3993 2424 4054 uter

457 4111 752 4204 scriptor
799 4135 1101 4184 normam
1152 4125 1442 4206 praestet
1489 4114 1765 4184 Romani
1812 4111 2249 4195 characteris3
2299 4132 2424 4179 nee
