3131 5032
1021 418 1164 488 Lm.
1211 415 1307 506 11,
1357 422 1474 506 21,
1520 425 1630 491 51.
1680 423 1784 490 52.
2244 428 2373 495 555

425 647 531 689 aua
559 635 794 708 sponte,
825 628 1029 691 minua
1059 628 1362 707 ceperint:
1391 634 1631 705 eontra,
1655 627 1725 689 in
1756 626 2079 691 donatione
2104 637 2378 693 servatur

429 730 494 790 id
527 730 690 810 quod
732 730 1021 808 seriptum
1061 736 1167 791 est.

499 831 544 914 §
577 833 676 894 51.
736 854 884 912 quas
913 834 1021 912 qui
1046 832 1368 913 intelligat,
1394 852 1515 891 non
1532 864 1612 877 —
1630 830 1987 913 perspiciat)
2054 832 2175 915 Qui
2208 835 2377 894 intel·

422 937 573 1019 ligat
598 937 641 997 i.
667 957 722 997 e.
755 936 864 1016 qui
901 936 1243 1015 intelligens
1277 935 1373 998 eit.
1449 936 1591 997 Non
1623 936 1828 1015 inepte
1867 955 1904 996 a
1941 936 2381 998 recentioribus

422 1040 717 1101 insertum
749 1046 889 1100 ante
926 1040 1241 1122 intelligat.

503 1164 685 1223 eaque
706 1145 968 1224 pecunia
1003 1164 1123 1203 non
1155 1144 1354 1202 minor
1379 1153 1527 1202 met
1545 1139 1758 1223 saeta)
1836 1141 1935 1202 Ea
1959 1143 2224 1222 pecuda
2253 1162 2380 1203 non

423 1246 544 1309 alia
592 1246 852 1325 intelligi
896 1254 1086 1325 potest
1103 1293 1122 1323 ,
1162 1246 1279 1306 nisi
1309 1253 1604 1324 postrema
1634 1246 1785 1306 haee
1819 1246 2050 1308 exactio
2081 1246 2212 1306 eius
2246 1265 2381 1325 par·

423 1349 502 1412 tie
516 1395 535 1427 ‚
572 1370 732 1430 quae
779 1350 857 1410 ab
888 1350 1177 1429 legatario
1220 1349 1629 1430 praetermissa
1665 1348 1886 1409 fuerat:
1931 1348 2035 1409 sed
2066 1348 2212 1408 huie
2244 1367 2380 1409 exa-

422 1452 612 1514 ctioni
658 1473 782 1514 non
832 1452 1194 1532 respondent
1244 1450 1427 1511 verba
1476 1471 1597 1510 non
1647 1453 1929 1510 minorem
1961 1454 2204 1532 factam
2237 1471 2379 1513 ene.

424 1557 623 1632 Quare
662 1556 858 1635 legam
892 1577 1070 1636 eoque
1088 1602 1107 1633 ,
1149 1556 1193 1615 i.
1227 1575 1283 1617 e.
1318 1556 1366 1615 si
1401 1573 1512 1633 per
1545 1554 1704 1614 hane
1735 1562 2094 1633 postremam
2124 1555 2383 1616 exactio·

422 1680 568 1720 nem
615 1667 735 1721 tota
779 1659 1037 1737 pecnnia
1083 1656 1352 1741 (legati),
1393 1676 1610 1736 nempe
1643 1655 1874 1718 inelusa
1902 1657 2213 1737 superiore
2244 1677 2382 1718 exa·

422 1763 625 1824 etione
640 1809 661 1838 ,
719 1783 842 1825 non
890 1762 1091 1822 minor
1139 1769 1290 1822 esset
1337 1760 1513 1820 saeta.
1563 1791 1645 1803 —
1693 1759 1854 1835 Mox,
1905 1760 2031 1821 nisi
2068 1760 2384 1822 manifesto

424 1866 641 1927 cedere
687 1866 869 1928 debet
911 1865 1272 1927 correctioni
1318 1866 1480 1923 aine:
1520 1862 1821 1925 reseratur
1858 1864 1938 1924 ad
1977 1883 2050 1925 ea
2088 1884 2248 1945 quae
2280 1884 2381 1926 ex·

421 1970 643 2049 promsi
672 1964 826 2032 Bibl.
864 1968 959 2030 Cr.
993 1968 1064 2030 Ν.
1094 1965 1162 2029 V.
1204 1967 1260 2029 1.
1289 1987 1351 2047 p.
1379 1965 1481 2028 29.

490 2091 606 2152 per
656 2092 755 2132 aee
809 2082 867 2130 et
926 2065 1162 2150 libram)
1269 2066 1595 2148 Cogitavit,
1658 2066 1877 2145 eredo,
1939 2068 2109 2129 hune
2169 2067 2377 2131 locum

423 2172 696 2252 Sigonius
749 2173 827 2233 ad
880 2173 1120 2234 Livium
1167 2172 1296 2249 111,
1354 2171 1471 2248 72,
1528 2171 1606 2246 4,
1661 2190 1856 2251 quum
1910 2170 2032 2231 11do
2094 2172 2253 2233 libro
2301 2172 2381 2234 de

427 2276 606 2355 Legg.
643 2276 948 2336 tribuebat
983 2296 1090 2352 ea,
1130 2296 1287 2355 quae
1319 2284 1491 2334 erant
1526 2274 1596 2333 in
1628 2275 1788 2335 Orat.
1820 2295 1933 2353 pro
1964 2274 2229 2338 Maraeu.
2268 2274 2378 2352 12,

427 2376 528 2438 27.
547 2412 627 2425 -
647 2378 892 2438 Heredis
920 2380 1248 2437 tentamenti
1263 2377 1447 2452 {vetus
1472 2376 1592 2435 suit
1622 2378 1870 2435 vitium:
1898 2375 2006 2437 aed
2036 2398 2158 2437 uon
2190 2385 2379 2456 reete,

427 2488 610 2561 puto,
650 2480 744 2541 hia
778 2479 970 2541 utitur
1003 2479 1262 2541 Orellius
1297 2477 1373 2539 ad
1405 2478 1563 2539 Sext.
1598 2476 1667 2552 7,
1712 2478 1808 2541 16.

1126 2719 1132 2726 ·
1157 2682 1429 2751 CAPUT
1467 2681 1637 2751 XXI.

502 2892 550 2975 §
591 2891 691 2954 52.
772 2890 974 2973 itaque
1019 2894 1078 2951 si
1121 2912 1223 2952 vos
1275 2887 1699 2970 tantummodo)
1773 2889 1847 2949 In
1888 2890 2194 2969 plerisque
2229 2889 2380 2951 haee

425 2996 515 3057 aie
564 3002 849 3074 corrupta
897 3002 1037 3055 sunt
1053 3040 1073 3071 ,
1126 3004 1197 3055 ut
1239 3014 1353 3073 pro
1383 2994 1440 3053 ei
1472 3015 1576 3054 vos
1609 2994 1844 3072 legatur
1875 2993 2101 3055 usibus.
2135 3027 2216 3041 —
2248 2992 2382 3055 Mox

424 3097 599 3160 edidi
627 3097 737 3157 illa
772 3098 1043 3174 eluditis,
1082 3097 1248 3176 quod
1286 3105 1486 3158 nentr.
1521 3097 1683 3178 plur.
1716 3105 1882 3157 recte
1919 3096 1997 3157 ad
2029 3098 2381 3159 universum

424 3202 521 3263 ins
553 3201 932 3281 pontificium
964 3200 1246 3262 refertur.
1303 3201 1521 3261 Nullus
1555 3220 1833 3262 meorum
1866 3201 2047 3260 habet
2077 3202 2265 3262 illam.

503 3306 583 3366 P.
608 3305 926 3366 Scaevolae
960 3316 1018 3364 ot
1057 3305 1151 3366 Ti.
1193 3301 1588 3385 Coruncanio)
1666 3303 2034 3366 Praenomen
2061 3303 2129 3363 in
2154 3306 2377 3366 Corun-

421 3409 597 3470 eanio
648 3408 865 3469 reduxi
916 3428 992 3468 ex
1035 3407 1118 3485 B,
1180 3409 1246 3469 in
1280 3428 1406 3488 quo
1440 3416 1528 3468 eat
1563 3420 1621 3468 et
1651 3408 1748 3468 kin·
1780 3409 2175 3469 Cor-ancardo.-
2212 3406 2375 3470 conf.

422 3512 556 3571 Nat.
595 3511 666 3572 Ι).
703 3512 831 3587 111,
869 3510 947 3587 2,
988 3512 1047 3572 5.

506 3614 757 3692 itemque
809 3617 1017 3675 ceter-is
1032 3660 1052 3690 ,
1109 3617 1219 3695 qui
1268 3614 1628 3675 mmmdem
1679 3625 1907 3694 caperet
1951 3611 2056 3692 —)
2132 3611 2377 3674 Codiooe

427 3716 561 3777 fere
593 3717 878 3795 idemque.
956 3717 1073 3777 Sed
1109 3719 1507 3779 neeessariam
1540 3725 1671 3778 erat
1703 3720 1844 3778 item
1876 3718 1943 3777 in
1974 3717 2088 3777 hae
2120 3717 2378 3779 auetori-

428 3828 624 3881 tatnm
653 3821 1132 3881 enumeratione:
1165 3822 1419 3883 alterum
1449 3842 1521 3882 eo
1548 3821 1798 3882 duceret
1824 3828 1894 3880 ut
1918 3839 2373 3899 quaereremus,

426 3922 727 4004 numquid
782 3921 952 3982 aliud
999 3924 1130 3984 aliis
1178 3925 1374 3985 visum
1413 3925 1639 3986 fuisset.
1719 3926 1870 3985 Tum
1903 3923 2075 3982 omisi
2103 3944 2200 3982 eos
2234 3929 2375 3981 ante

423 4031 533 4110 qui
545 4075 565 4105 ‚
604 4035 668 4088 et
698 4026 932 4087 servavi
964 4025 1183 4107 singul.
1219 4042 1479 4111 capent.-
1517 4028 1757 4108 plurale
1788 4025 2119 4088 debebatur
2151 4024 2249 4084 isti
2280 4025 2370 4085 in·

421 4141 578 4195 serto
613 4131 973 4212 pronomini.
