<?xml version="1.0" encoding="UTF-8"?>
<!DOCTYPE html PUBLIC "-//W3C//DTD XHTML 1.0 Transitional//EN"
    "http://www.w3.org/TR/xhtml1/DTD/xhtml1-transitional.dtd">
<html xmlns="http://www.w3.org/1999/xhtml" xml:lang="en" lang="en">
 <head>
  <title>
</title>
<meta http-equiv="Content-Type" content="text/html;charset=utf-8" />
  <meta name='ocr-system' content='tesseract 3.04.00' />
  <meta name='ocr-capabilities' content='ocr_page ocr_carea ocr_par ocr_line ocrx_word'/>
</head>
<body>
  <div class='ocr_page' id='page_1' title='image "./mtulliiciceroni02bakegoog_0407.png"; bbox 0 0 3131 5032; ppageno 0'>
   <div class='ocr_carea' id='block_1_1' title="bbox 704 462 1943 547">
    <p class='ocr_par' dir='ltr' id='par_1_1' title="bbox 704 462 1943 547">
     <span class='ocr_line' id='line_1_1' title="bbox 704 462 1943 547; baseline -0.006 -13"><span class='ocrx_word' id='word_1_1' title='bbox 704 471 833 537; x_wconf 70' lang='lat'><strong>340</strong></span> <span class='ocrx_word' id='word_1_2' title='bbox 1403 464 1544 530; x_wconf 78' lang='lat' dir='ltr'><strong>Lm.</strong></span> <span class='ocrx_word' id='word_1_3' title='bbox 1591 462 1656 547; x_wconf 90' lang='lat'><strong>1,</strong></span> <span class='ocrx_word' id='word_1_4' title='bbox 1708 463 1785 547; x_wconf 90' lang='grc'><strong>7,</strong></span> <span class='ocrx_word' id='word_1_5' title='bbox 1835 462 1943 528; x_wconf 88' lang='grc'><strong>23.</strong></span> 
     </span>
    </p>
   </div>
   <div class='ocr_carea' id='block_1_2' title="bbox 681 667 2713 4255">
    <p class='ocr_par' dir='ltr' id='par_1_2' title="bbox 681 667 2713 3942">
     <span class='ocr_line' id='line_1_2' title="bbox 696 667 2645 748; baseline -0.001 -18"><span class='ocrx_word' id='word_1_6' title='bbox 696 670 1013 746; x_wconf 89' lang='lat' dir='ltr'><strong>describit,</strong></span> <span class='ocrx_word' id='word_1_7' title='bbox 1053 700 1132 712; x_wconf 91' lang='lat'>—</span> <span class='ocrx_word' id='word_1_8' title='bbox 1172 668 1560 748; x_wconf 71' lang='lat' dir='ltr'><strong>potestatibus</strong></span> <span class='ocrx_word' id='word_1_9' title='bbox 1597 678 1813 748; x_wconf 72' lang='lat' dir='ltr'><strong>parent</strong></span> <span class='ocrx_word' id='word_1_10' title='bbox 1828 712 1847 742; x_wconf 90' lang='lat'>‚</span> <span class='ocrx_word' id='word_1_11' title='bbox 1881 678 2121 745; x_wconf 76' lang='lat' dir='ltr'><strong>parent,</strong></span> <span class='ocrx_word' id='word_1_12' title='bbox 2159 678 2216 726; x_wconf 80' lang='lat' dir='ltr'><strong>et</strong></span> <span class='ocrx_word' id='word_1_13' title='bbox 2254 667 2435 727; x_wconf 74' lang='lat' dir='ltr'><strong>multo</strong></span> <span class='ocrx_word' id='word_1_14' title='bbox 2465 670 2645 729; x_wconf 71' lang='lat' dir='ltr'><strong>etiam</strong></span> 
     </span>
     <span class='ocr_line' id='line_1_3' title="bbox 695 769 2645 856; baseline -0.001 -22"><span class='ocrx_word' id='word_1_15' title='bbox 695 776 889 856; x_wconf 75' lang='lat' dir='ltr'><strong>magis</strong></span> <span class='ocrx_word' id='word_1_16' title='bbox 904 820 922 848; x_wconf 86' lang='lat'><em>‚</em></span> <span class='ocrx_word' id='word_1_17' title='bbox 972 771 1205 833; x_wconf 76' lang='lat' dir='ltr'><strong>coelesti</strong></span> <span class='ocrx_word' id='word_1_18' title='bbox 1250 771 1634 851; x_wconf 58' lang='lat' dir='ltr'><strong>descriptioni</strong></span> <span class='ocrx_word' id='word_1_19' title='bbox 1676 778 1793 830; x_wconf 90' lang='lat' dir='ltr'><strong>cet.</strong></span> <span class='ocrx_word' id='word_1_20' title='bbox 1882 769 2069 849; x_wconf 84' lang='lat' dir='ltr'><strong>Atqui</strong></span> <span class='ocrx_word' id='word_1_21' title='bbox 2111 771 2177 829; x_wconf 92' lang='lat' dir='ltr'><strong>in</strong></span> <span class='ocrx_word' id='word_1_22' title='bbox 2226 771 2446 831; x_wconf 88' lang='lat' dir='ltr'><strong>talibus</strong></span> <span class='ocrx_word' id='word_1_23' title='bbox 2495 771 2645 854; x_wconf 89' lang='lat' dir='ltr'><strong>(non</strong></span> 
     </span>
     <span class='ocr_line' id='line_1_4' title="bbox 697 872 2646 956; baseline -0.002 -18"><span class='ocrx_word' id='word_1_24' title='bbox 697 875 949 956; x_wconf 87' lang='lat' dir='ltr'><strong>ubique)</strong></span> <span class='ocrx_word' id='word_1_25' title='bbox 997 874 1310 955; x_wconf 85' lang='lat' dir='ltr'><strong>perspicue</strong></span> <span class='ocrx_word' id='word_1_26' title='bbox 1360 873 1569 934; x_wconf 90' lang='lat' dir='ltr'><strong>Cicero</strong></span> <span class='ocrx_word' id='word_1_27' title='bbox 1616 872 2082 952; x_wconf 83' lang='lat' dir='ltr'><strong>propositionem</strong></span> <span class='ocrx_word' id='word_1_28' title='bbox 2127 881 2190 933; x_wconf 87' lang='lat' dir='ltr'><strong>et</strong></span> <span class='ocrx_word' id='word_1_29' title='bbox 2223 874 2646 935; x_wconf 75' lang='lat' dir='ltr'><strong>assumtionem</strong></span> 
     </span>
     <span class='ocr_line' id='line_1_5' title="bbox 691 977 2642 1059; baseline -0.002 -18"><span class='ocrx_word' id='word_1_30' title='bbox 691 999 1002 1059; x_wconf 86' lang='lat' dir='ltr'><strong>segregare</strong></span> <span class='ocrx_word' id='word_1_31' title='bbox 1052 978 1227 1053; x_wconf 87' lang='lat' dir='ltr'><strong>solet,</strong></span> <span class='ocrx_word' id='word_1_32' title='bbox 1267 977 1334 1036; x_wconf 91' lang='lat' dir='ltr'><strong>in</strong></span> <span class='ocrx_word' id='word_1_33' title='bbox 1367 977 1580 1055; x_wconf 89' lang='lat' dir='ltr'><strong>primis</strong></span> <span class='ocrx_word' id='word_1_34' title='bbox 1613 977 1946 1037; x_wconf 89' lang='lat' dir='ltr'><strong>Stoicorum</strong></span> <span class='ocrx_word' id='word_1_35' title='bbox 1987 977 2254 1036; x_wconf 86' lang='lat' dir='ltr'><strong>imitatus</strong></span> <span class='ocrx_word' id='word_1_36' title='bbox 2292 980 2642 1040; x_wconf 83' lang='lat' dir='ltr'><strong>orationem.</strong></span> 
     </span>
     <span class='ocr_line' id='line_1_6' title="bbox 691 1079 2647 1162; baseline -0.001 -20"><span class='ocrx_word' id='word_1_37' title='bbox 691 1083 808 1142; x_wconf 91' lang='lat' dir='ltr'><strong>Sed</strong></span> <span class='ocrx_word' id='word_1_38' title='bbox 833 1084 1020 1162; x_wconf 83' lang='lat' dir='ltr'><strong>ipsam</strong></span> <span class='ocrx_word' id='word_1_39' title='bbox 1047 1080 1492 1141; x_wconf 81' lang='lat' dir='ltr'><strong>conclusionem</strong></span> <span class='ocrx_word' id='word_1_40' title='bbox 1520 1100 1646 1140; x_wconf 91' lang='lat' dir='ltr'><strong>non</strong></span> <span class='ocrx_word' id='word_1_41' title='bbox 1668 1087 1834 1140; x_wconf 89' lang='lat' dir='ltr'><strong>recte</strong></span> <span class='ocrx_word' id='word_1_42' title='bbox 1862 1079 2314 1141; x_wconf 80' lang='lat' dir='ltr'><strong>inchoat‘etiam</strong></span> <span class='ocrx_word' id='word_1_43' title='bbox 2337 1084 2647 1141; x_wconf 70' lang='lat' dir='ltr'><strong>universus</strong></span> 
     </span>
     <span class='ocr_line' id='line_1_7' title="bbox 692 1182 2643 1263; baseline 0 -18"><span class='ocrx_word' id='word_1_44' title='bbox 692 1195 840 1262; x_wconf 86' lang='lat' dir='ltr'><strong>cet.;</strong></span> <span class='ocrx_word' id='word_1_45' title='bbox 895 1183 1060 1263; x_wconf 85' lang='lat' dir='ltr'><strong>quod</strong></span> <span class='ocrx_word' id='word_1_46' title='bbox 1101 1182 1211 1263; x_wconf 88' lang='lat' dir='ltr'><strong>qui</strong></span> <span class='ocrx_word' id='word_1_47' title='bbox 1262 1191 1607 1258; x_wconf 86' lang='lat' dir='ltr'><strong>senserunt,</strong></span> <span class='ocrx_word' id='word_1_48' title='bbox 1655 1184 1924 1262; x_wconf 86' lang='lat' dir='ltr'><strong>primum</strong></span> <span class='ocrx_word' id='word_1_49' title='bbox 1957 1204 2032 1243; x_wconf 83' lang='lat' dir='ltr'><strong>ex</strong></span> <span class='ocrx_word' id='word_1_50' title='bbox 2067 1184 2206 1260; x_wconf 81' lang='lat' dir='ltr'><strong>deo,</strong></span> <span class='ocrx_word' id='word_1_51' title='bbox 2248 1193 2354 1245; x_wconf 89' lang='lat' dir='ltr'><strong>aut</strong></span> <span class='ocrx_word' id='word_1_52' title='bbox 2384 1185 2453 1244; x_wconf 80' lang='lat' dir='ltr'><strong>de</strong></span> <span class='ocrx_word' id='word_1_53' title='bbox 2487 1184 2643 1245; x_wconf 87' lang='lat' dir='ltr'><strong>fece·</strong></span> 
     </span>
     <span class='ocr_line' id='line_1_8' title="bbox 693 1286 2647 1367; baseline -0.001 -18"><span class='ocrx_word' id='word_1_54' title='bbox 693 1297 836 1349; x_wconf 89' lang='lat' dir='ltr'><strong>runt</strong></span> <span class='ocrx_word' id='word_1_55' title='bbox 871 1288 1023 1348; x_wconf 76' lang='lat' dir='ltr'><strong>unde</strong></span> <span class='ocrx_word' id='word_1_56' title='bbox 1043 1333 1062 1364; x_wconf 89' lang='lat'>‚</span> <span class='ocrx_word' id='word_1_57' title='bbox 1101 1286 1205 1346; x_wconf 85' lang='lat' dir='ltr'><strong>alii</strong></span> <span class='ocrx_word' id='word_1_58' title='bbox 1237 1289 1414 1346; x_wconf 80' lang='lat' dir='ltr'><strong>etiam</strong></span> <span class='ocrx_word' id='word_1_59' title='bbox 1449 1295 1844 1347; x_wconf 89' lang='lat' dir='ltr'><strong>correxerunt</strong></span> <span class='ocrx_word' id='word_1_60' title='bbox 1872 1299 1939 1347; x_wconf 78' lang='lat' dir='ltr'><strong>ut</strong></span> <span class='ocrx_word' id='word_1_61' title='bbox 1970 1289 2122 1362; x_wconf 78' lang='lat' dir='ltr'><strong>iam,</strong></span> <span class='ocrx_word' id='word_1_62' title='bbox 2163 1286 2429 1367; x_wconf 86' lang='lat' dir='ltr'><strong>indeque</strong></span> <span class='ocrx_word' id='word_1_63' title='bbox 2452 1287 2647 1347; x_wconf 90' lang='lat' dir='ltr'><strong>multa</strong></span> 
     </span>
     <span class='ocr_line' id='line_1_9' title="bbox 692 1388 2643 1467; baseline -0.002 -15"><span class='ocrx_word' id='word_1_64' title='bbox 692 1393 811 1452; x_wconf 87' lang='lat' dir='ltr'><strong>alia</strong></span> <span class='ocrx_word' id='word_1_65' title='bbox 877 1399 1006 1451; x_wconf 88' lang='lat' dir='ltr'><strong>orta</strong></span> <span class='ocrx_word' id='word_1_66' title='bbox 1075 1398 1230 1449; x_wconf 86' lang='lat' dir='ltr'><strong>sunt.</strong></span> <span class='ocrx_word' id='word_1_67' title='bbox 1329 1388 1680 1467; x_wconf 80' lang='lat' dir='ltr'><strong>Corrigendi</strong></span> <span class='ocrx_word' id='word_1_68' title='bbox 1748 1390 1909 1450; x_wconf 82' lang='lat' dir='ltr'><strong>viam</strong></span> <span class='ocrx_word' id='word_1_69' title='bbox 1980 1390 2313 1450; x_wconf 82' lang='lat' dir='ltr'><strong>faciliorem</strong></span> <span class='ocrx_word' id='word_1_70' title='bbox 2387 1389 2643 1449; x_wconf 88' lang='lat' dir='ltr'><strong>reddere</strong></span> 
     </span>
     <span class='ocr_line' id='line_1_10' title="bbox 692 1490 2643 1570; baseline -0.002 -16"><span class='ocrx_word' id='word_1_71' title='bbox 692 1495 863 1555; x_wconf 89' lang='lat' dir='ltr'><strong>nobis</strong></span> <span class='ocrx_word' id='word_1_72' title='bbox 906 1492 1187 1553; x_wconf 79' lang='lat' dir='ltr'><strong>videmur</strong></span> <span class='ocrx_word' id='word_1_73' title='bbox 1204 1538 1224 1568; x_wconf 86' lang='lat'><em>‚</em></span> <span class='ocrx_word' id='word_1_74' title='bbox 1264 1512 1337 1552; x_wconf 90' lang='lat' dir='ltr'><strong>eo</strong></span> <span class='ocrx_word' id='word_1_75' title='bbox 1371 1491 1635 1552; x_wconf 85' lang='lat' dir='ltr'><strong>indicato</strong></span> <span class='ocrx_word' id='word_1_76' title='bbox 1667 1490 1735 1551; x_wconf 90' lang='lat' dir='ltr'><strong>in</strong></span> <span class='ocrx_word' id='word_1_77' title='bbox 1772 1512 1896 1570; x_wconf 87' lang='lat' dir='ltr'><strong>quo</strong></span> <span class='ocrx_word' id='word_1_78' title='bbox 1927 1492 2175 1553; x_wconf 84' lang='lat' dir='ltr'><strong>offensio</strong></span> <span class='ocrx_word' id='word_1_79' title='bbox 2209 1500 2372 1552; x_wconf 86' lang='lat' dir='ltr'><strong>certe</strong></span> <span class='ocrx_word' id='word_1_80' title='bbox 2405 1510 2643 1551; x_wconf 83' lang='lat' dir='ltr'><strong>excusa·</strong></span> 
     </span>
     <span class='ocr_line' id='line_1_11' title="bbox 688 1594 2647 1677; baseline -0.003 -19"><span class='ocrx_word' id='word_1_81' title='bbox 688 1600 913 1658; x_wconf 90' lang='lat' dir='ltr'><strong>tionem</strong></span> <span class='ocrx_word' id='word_1_82' title='bbox 935 1597 1138 1657; x_wconf 87' lang='lat' dir='ltr'><strong>habet.</strong></span> <span class='ocrx_word' id='word_1_83' title='bbox 1196 1595 1344 1655; x_wconf 86' lang='lat' dir='ltr'><strong>Nam</strong></span> <span class='ocrx_word' id='word_1_84' title='bbox 1373 1615 1567 1673; x_wconf 90' lang='lat' dir='ltr'><strong>quum</strong></span> <span class='ocrx_word' id='word_1_85' title='bbox 1602 1595 1827 1656; x_wconf 87' lang='lat' dir='ltr'><strong>dicitur</strong></span> <span class='ocrx_word' id='word_1_86' title='bbox 1844 1609 2059 1677; x_wconf 80' lang='lat' dir='ltr'><strong>parent</strong></span> <span class='ocrx_word' id='word_1_87' title='bbox 2082 1606 2198 1657; x_wconf 88' lang='lat' dir='ltr'><strong>cet.</strong></span> <span class='ocrx_word' id='word_1_88' title='bbox 2216 1642 2236 1673; x_wconf 93' lang='lat'>‚</span> <span class='ocrx_word' id='word_1_89' title='bbox 2262 1594 2647 1675; x_wconf 85' lang='lat' dir='ltr'><strong>intelligendi</strong></span> 
     </span>
     <span class='ocr_line' id='line_1_12' title="bbox 686 1697 2646 1780; baseline -0.003 -18"><span class='ocrx_word' id='word_1_90' title='bbox 686 1709 861 1777; x_wconf 87' lang='lat' dir='ltr'><strong>sunt,</strong></span> <span class='ocrx_word' id='word_1_91' title='bbox 921 1700 986 1760; x_wconf 90' lang='lat' dir='ltr'><strong>ni</strong></span> <span class='ocrx_word' id='word_1_92' title='bbox 1035 1699 1240 1775; x_wconf 81' lang='lat' dir='ltr'><strong>fallor,</strong></span> <span class='ocrx_word' id='word_1_93' title='bbox 1279 1707 1408 1758; x_wconf 92' lang='lat' dir='ltr'><strong>tum</strong></span> <span class='ocrx_word' id='word_1_94' title='bbox 1442 1699 1533 1758; x_wconf 88' lang='lat' dir='ltr'><strong>dii</strong></span> <span class='ocrx_word' id='word_1_95' title='bbox 1569 1708 1700 1759; x_wconf 90' lang='lat' dir='ltr'><strong>tum</strong></span> <span class='ocrx_word' id='word_1_96' title='bbox 1738 1700 2040 1759; x_wconf 87' lang='lat' dir='ltr'><strong>homines:</strong></span> <span class='ocrx_word' id='word_1_97' title='bbox 2082 1699 2189 1760; x_wconf 86' lang='lat' dir='ltr'><strong>sed</strong></span> <span class='ocrx_word' id='word_1_98' title='bbox 2220 1698 2524 1780; x_wconf 89' lang='lat' dir='ltr'><strong>quomodo</strong></span> <span class='ocrx_word' id='word_1_99' title='bbox 2556 1697 2646 1757; x_wconf 82' lang='lat' dir='ltr'><strong>dii</strong></span> 
     </span>
     <span class='ocr_line' id='line_1_13' title="bbox 688 1802 2644 1883; baseline -0.002 -18"><span class='ocrx_word' id='word_1_100' title='bbox 688 1805 969 1866; x_wconf 86' lang='lat' dir='ltr'><strong>dicantur</strong></span> <span class='ocrx_word' id='word_1_101' title='bbox 1010 1823 1223 1882; x_wconf 87' lang='lat' dir='ltr'><strong>parere</strong></span> <span class='ocrx_word' id='word_1_102' title='bbox 1247 1804 1619 1883; x_wconf 71' lang='lat' dir='ltr'><strong>praepotenti</strong></span> <span class='ocrx_word' id='word_1_103' title='bbox 1653 1803 1757 1862; x_wconf 83' lang='lat' dir='ltr'><strong>deo</strong></span> <span class='ocrx_word' id='word_1_104' title='bbox 1774 1848 1793 1878; x_wconf 90' lang='lat'>‚</span> <span class='ocrx_word' id='word_1_105' title='bbox 1835 1822 1958 1862; x_wconf 91' lang='lat' dir='ltr'><strong>non</strong></span> <span class='ocrx_word' id='word_1_106' title='bbox 1986 1821 2263 1882; x_wconf 81' lang='lat' dir='ltr'><strong>assequor</strong></span> <span class='ocrx_word' id='word_1_107' title='bbox 2280 1848 2299 1879; x_wconf 89' lang='lat'>‚</span> <span class='ocrx_word' id='word_1_108' title='bbox 2338 1822 2452 1862; x_wconf 89' lang='lat' dir='ltr'><strong>nec</strong></span> <span class='ocrx_word' id='word_1_109' title='bbox 2486 1802 2644 1881; x_wconf 84' lang='lat' dir='ltr'><strong>quis·</strong></span> 
     </span>
     <span class='ocr_line' id='line_1_14' title="bbox 685 1904 2646 1988; baseline -0.001 -21"><span class='ocrx_word' id='word_1_110' title='bbox 685 1928 871 1988; x_wconf 88' lang='lat' dir='ltr'><strong>quam</strong></span> <span class='ocrx_word' id='word_1_111' title='bbox 886 1955 905 1983; x_wconf 90' lang='lat'><em>,</em></span> <span class='ocrx_word' id='word_1_112' title='bbox 962 1907 1204 1986; x_wconf 89' lang='lat' dir='ltr'><strong>opinor,</strong></span> <span class='ocrx_word' id='word_1_113' title='bbox 1262 1905 1558 1982; x_wconf 88' lang='lat' dir='ltr'><strong>probabit.</strong></span> <span class='ocrx_word' id='word_1_114' title='bbox 1638 1904 1919 1965; x_wconf 80' lang='lat' dir='ltr'><strong>Poterant</strong></span> <span class='ocrx_word' id='word_1_115' title='bbox 1956 1905 2138 1966; x_wconf 86' lang='lat' dir='ltr'><strong>Stoici</strong></span> <span class='ocrx_word' id='word_1_116' title='bbox 2178 1904 2472 1966; x_wconf 86' lang='lat' dir='ltr'><strong>affirmare</strong></span> <span class='ocrx_word' id='word_1_117' title='bbox 2503 1904 2646 1966; x_wconf 88' lang='lat' dir='ltr'><strong>deos</strong></span> 
     </span>
     <span class='ocr_line' id='line_1_15' title="bbox 681 2009 2641 2089; baseline -0.002 -18"><span class='ocrx_word' id='word_1_118' title='bbox 681 2011 1077 2088; x_wconf 83' lang='lat' dir='ltr'><strong>hominesque</strong></span> <span class='ocrx_word' id='word_1_119' title='bbox 1114 2028 1323 2087; x_wconf 90' lang='lat' dir='ltr'><strong>parere</strong></span> <span class='ocrx_word' id='word_1_120' title='bbox 1360 2009 1595 2068; x_wconf 76' lang='lat' dir='ltr'><strong>coelesti</strong></span> <span class='ocrx_word' id='word_1_121' title='bbox 1627 2009 2014 2089; x_wconf 62' lang='lat' dir='ltr'><strong>descriptioni</strong></span> <span class='ocrx_word' id='word_1_122' title='bbox 2044 2010 2337 2088; x_wconf 75' lang='lat' dir='ltr'><strong>mentique</strong></span> <span class='ocrx_word' id='word_1_123' title='bbox 2372 2009 2641 2084; x_wconf 75' lang='lat' dir='ltr'><strong>divinae,</strong></span> 
     </span>
     <span class='ocr_line' id='line_1_16' title="bbox 688 2110 2645 2173; baseline -0.002 0"><span class='ocrx_word' id='word_1_124' title='bbox 688 2115 842 2173; x_wconf 89' lang='lat' dir='ltr'><strong>sicut</strong></span> <span class='ocrx_word' id='word_1_125' title='bbox 892 2111 1083 2170; x_wconf 87' lang='lat' dir='ltr'><strong>multa</strong></span> <span class='ocrx_word' id='word_1_126' title='bbox 1127 2111 1449 2172; x_wconf 84' lang='lat' dir='ltr'><strong>turbabant</strong></span> <span class='ocrx_word' id='word_1_127' title='bbox 1496 2112 1564 2170; x_wconf 90' lang='lat' dir='ltr'><strong>in</strong></span> <span class='ocrx_word' id='word_1_128' title='bbox 1623 2111 1869 2172; x_wconf 90' lang='lat' dir='ltr'><strong>illarum</strong></span> <span class='ocrx_word' id='word_1_129' title='bbox 1928 2132 2136 2172; x_wconf 90' lang='lat' dir='ltr'><strong>rerum</strong></span> <span class='ocrx_word' id='word_1_130' title='bbox 2181 2110 2531 2172; x_wconf 86' lang='lat' dir='ltr'><strong>definitione</strong></span> <span class='ocrx_word' id='word_1_131' title='bbox 2583 2119 2645 2172; x_wconf 88' lang='lat' dir='ltr'><strong>et</strong></span> 
     </span>
     <span class='ocr_line' id='line_1_17' title="bbox 692 2213 2641 2296; baseline -0.001 -20"><span class='ocrx_word' id='word_1_132' title='bbox 692 2215 1108 2290; x_wconf 79' lang='lat' dir='ltr'><strong>distinctione3</strong></span> <span class='ocrx_word' id='word_1_133' title='bbox 1167 2213 1271 2273; x_wconf 85' lang='lat' dir='ltr'><strong>sed</strong></span> <span class='ocrx_word' id='word_1_134' title='bbox 1322 2215 1455 2273; x_wconf 75' lang='lat' dir='ltr'><strong>deos</strong></span> <span class='ocrx_word' id='word_1_135' title='bbox 1504 2214 1609 2273; x_wconf 85' lang='lat' dir='ltr'><strong>deo</strong></span> <span class='ocrx_word' id='word_1_136' title='bbox 1649 2234 1858 2296; x_wconf 78' lang='lat' dir='ltr'><strong>parere</strong></span> <span class='ocrx_word' id='word_1_137' title='bbox 1891 2214 2096 2275; x_wconf 87' lang='lat' dir='ltr'><strong>dicere</strong></span> <span class='ocrx_word' id='word_1_138' title='bbox 2139 2234 2264 2275; x_wconf 89' lang='lat' dir='ltr'><strong>non</strong></span> <span class='ocrx_word' id='word_1_139' title='bbox 2296 2222 2641 2294; x_wconf 83' lang='lat' dir='ltr'><strong>potuerunt.</strong></span> 
     </span>
     <span class='ocr_line' id='line_1_18' title="bbox 689 2316 2644 2398; baseline -0.001 -19"><span class='ocrx_word' id='word_1_140' title='bbox 689 2319 899 2398; x_wconf 82' lang='lat' dir='ltr'><strong>Neque</strong></span> <span class='ocrx_word' id='word_1_141' title='bbox 944 2316 1320 2378; x_wconf 86' lang='lat' dir='ltr'><strong>obiiciendus</strong></span> <span class='ocrx_word' id='word_1_142' title='bbox 1373 2324 1460 2375; x_wconf 86' lang='lat' dir='ltr'><strong>est</strong></span> <span class='ocrx_word' id='word_1_143' title='bbox 1506 2316 1676 2376; x_wconf 89' lang='lat' dir='ltr'><strong>locus</strong></span> <span class='ocrx_word' id='word_1_144' title='bbox 1708 2316 1840 2378; x_wconf 86' lang='lat' dir='ltr'><strong>Nat.</strong></span> <span class='ocrx_word' id='word_1_145' title='bbox 1876 2317 1946 2376; x_wconf 88' lang='lat' dir='ltr'><strong>D.</strong></span> <span class='ocrx_word' id='word_1_146' title='bbox 1983 2318 2074 2393; x_wconf 89' lang='lat'><strong>11,</strong></span> <span class='ocrx_word' id='word_1_147' title='bbox 2115 2317 2229 2395; x_wconf 85' lang='lat'><strong>30,</strong></span> <span class='ocrx_word' id='word_1_148' title='bbox 2266 2318 2379 2379; x_wconf 89' lang='lat'><strong>77:</strong></span> <span class='ocrx_word' id='word_1_149' title='bbox 2413 2337 2531 2377; x_wconf 71' lang='lat' dir='ltr'><strong>non</strong></span> <span class='ocrx_word' id='word_1_150' title='bbox 2557 2329 2644 2377; x_wconf 77' lang='lat' dir='ltr'><strong>est</strong></span> 
     </span>
     <span class='ocr_line' id='line_1_19' title="bbox 688 2421 2643 2505; baseline -0.001 -23"><span class='ocrx_word' id='word_1_151' title='bbox 688 2424 883 2505; x_wconf 75' lang='lat' dir='ltr'><strong>igitur</strong></span> <span class='ocrx_word' id='word_1_152' title='bbox 906 2423 1142 2482; x_wconf 75' lang='lat' dir='ltr'><strong>deorum</strong></span> <span class='ocrx_word' id='word_1_153' title='bbox 1168 2432 1383 2481; x_wconf 76' lang='lat' dir='ltr'><strong>natura</strong></span> <span class='ocrx_word' id='word_1_154' title='bbox 1399 2433 1750 2502; x_wconf 73' lang='lat' dir='ltr'><strong>praepotens</strong></span> <span class='ocrx_word' id='word_1_155' title='bbox 1775 2442 1961 2501; x_wconf 75' lang='lat' dir='ltr'><strong>neque</strong></span> <span class='ocrx_word' id='word_1_156' title='bbox 1988 2421 2300 2498; x_wconf 64' lang='lat' dir='ltr'><strong>excellens,</strong></span> <span class='ocrx_word' id='word_1_157' title='bbox 2325 2423 2384 2481; x_wconf 76' lang='lat' dir='ltr'><strong>si</strong></span> <span class='ocrx_word' id='word_1_158' title='bbox 2409 2421 2643 2500; x_wconf 76' lang='lat' dir='ltr'><strong>quidem</strong></span> 
     </span>
     <span class='ocr_line' id='line_1_20' title="bbox 689 2525 2643 2605; baseline -0.001 -17"><span class='ocrx_word' id='word_1_159' title='bbox 689 2548 759 2588; x_wconf 83' lang='lat' dir='ltr'><strong>ea</strong></span> <span class='ocrx_word' id='word_1_160' title='bbox 796 2527 1060 2587; x_wconf 62' lang='lat' dir='ltr'><strong>abiecta</strong></span> <span class='ocrx_word' id='word_1_161' title='bbox 1089 2536 1188 2585; x_wconf 77' lang='lat' dir='ltr'><strong>‘est</strong></span> <span class='ocrx_word' id='word_1_162' title='bbox 1223 2526 1284 2584; x_wconf 78' lang='lat' dir='ltr'><strong>ei</strong></span> <span class='ocrx_word' id='word_1_163' title='bbox 1317 2525 1411 2583; x_wconf 81' lang='lat' dir='ltr'><strong>vel</strong></span> <span class='ocrx_word' id='word_1_164' title='bbox 1440 2527 1782 2586; x_wconf 71' lang='lat' dir='ltr'><strong>necessitati</strong></span> <span class='ocrx_word' id='word_1_165' title='bbox 1823 2526 1918 2585; x_wconf 79' lang='lat' dir='ltr'><strong>vel</strong></span> <span class='ocrx_word' id='word_1_166' title='bbox 1951 2536 2231 2601; x_wconf 73' lang='lat' dir='ltr'><strong>naturae,</strong></span> <span class='ocrx_word' id='word_1_167' title='bbox 2273 2547 2391 2605; x_wconf 77' lang='lat' dir='ltr'><strong>qua</strong></span> <span class='ocrx_word' id='word_1_168' title='bbox 2423 2527 2643 2588; x_wconf 69' lang='lat' dir='ltr'><strong>coelum</strong></span> 
     </span>
     <span class='ocr_line' id='line_1_21' title="bbox 687 2628 2643 2710; baseline 0 -21"><span class='ocrx_word' id='word_1_169' title='bbox 687 2632 880 2690; x_wconf 83' lang='lat' dir='ltr'><strong>maria</strong></span> <span class='ocrx_word' id='word_1_170' title='bbox 913 2642 1066 2688; x_wconf 79' lang='lat' dir='ltr'><strong>terra</strong></span> <span class='ocrx_word' id='word_1_171' title='bbox 1095 2638 1406 2710; x_wconf 78' lang='lat' dir='ltr'><strong>regantur.-</strong></span> <span class='ocrx_word' id='word_1_172' title='bbox 1446 2648 1590 2688; x_wconf 90' lang='lat' dir='ltr'><strong>nam</strong></span> <span class='ocrx_word' id='word_1_173' title='bbox 1619 2628 1851 2688; x_wconf 85' lang='lat' dir='ltr'><strong>diversa</strong></span> <span class='ocrx_word' id='word_1_174' title='bbox 1878 2628 1955 2688; x_wconf 82' lang='lat' dir='ltr'><strong>ab</strong></span> <span class='ocrx_word' id='word_1_175' title='bbox 1990 2628 2096 2689; x_wconf 88' lang='lat' dir='ltr'><strong>illa</strong></span> <span class='ocrx_word' id='word_1_176' title='bbox 2122 2640 2338 2690; x_wconf 74' lang='lat' dir='ltr'><strong>natura</strong></span> <span class='ocrx_word' id='word_1_177' title='bbox 2369 2637 2456 2690; x_wconf 89' lang='lat' dir='ltr'><strong>est</strong></span> <span class='ocrx_word' id='word_1_178' title='bbox 2482 2649 2643 2689; x_wconf 75' lang='lat' dir='ltr'><strong>mens</strong></span> 
     </span>
     <span class='ocr_line' id='line_1_22' title="bbox 688 2729 2644 2811; baseline 0 -18"><span class='ocrx_word' id='word_1_179' title='bbox 688 2733 899 2793; x_wconf 77' lang='lat' dir='ltr'><strong>diviua</strong></span> <span class='ocrx_word' id='word_1_180' title='bbox 913 2777 931 2807; x_wconf 90' lang='lat'><em>‚</em></span> <span class='ocrx_word' id='word_1_181' title='bbox 990 2750 1172 2810; x_wconf 84' lang='lat' dir='ltr'><strong>quam</strong></span> <span class='ocrx_word' id='word_1_182' title='bbox 1222 2729 1402 2789; x_wconf 91' lang='lat' dir='ltr'><strong>modo</strong></span> <span class='ocrx_word' id='word_1_183' title='bbox 1447 2731 1543 2789; x_wconf 89' lang='lat' dir='ltr'><strong>isti</strong></span> <span class='ocrx_word' id='word_1_184' title='bbox 1580 2730 1767 2810; x_wconf 83' lang='lat' dir='ltr'><strong>ipsam</strong></span> <span class='ocrx_word' id='word_1_185' title='bbox 1804 2733 1976 2791; x_wconf 81' lang='lat' dir='ltr'><strong>deum</strong></span> <span class='ocrx_word' id='word_1_186' title='bbox 2011 2731 2425 2811; x_wconf 81' lang='lat' dir='ltr'><strong>appellabant,</strong></span> <span class='ocrx_word' id='word_1_187' title='bbox 2463 2730 2644 2793; x_wconf 90' lang='lat' dir='ltr'><strong>modo</strong></span> 
     </span>
     <span class='ocr_line' id='line_1_23' title="bbox 688 2833 2645 2914; baseline -0.001 -19"><span class='ocrx_word' id='word_1_188' title='bbox 688 2855 726 2896; x_wconf 89' lang='lat' dir='ltr'><strong>a</strong></span> <span class='ocrx_word' id='word_1_189' title='bbox 772 2834 887 2893; x_wconf 86' lang='lat' dir='ltr'><strong>diis</strong></span> <span class='ocrx_word' id='word_1_190' title='bbox 937 2833 1343 2912; x_wconf 77' lang='lat' dir='ltr'><strong>segregabant.</strong></span> <span class='ocrx_word' id='word_1_191' title='bbox 1426 2833 1800 2912; x_wconf 83' lang='lat' dir='ltr'><strong>Quapropter</strong></span> <span class='ocrx_word' id='word_1_192' title='bbox 1851 2854 1973 2895; x_wconf 89' lang='lat' dir='ltr'><strong>una</strong></span> <span class='ocrx_word' id='word_1_193' title='bbox 2024 2835 2219 2894; x_wconf 85' lang='lat' dir='ltr'><strong>vocali</strong></span> <span class='ocrx_word' id='word_1_194' title='bbox 2260 2836 2475 2896; x_wconf 87' lang='lat' dir='ltr'><strong>iterata</strong></span> <span class='ocrx_word' id='word_1_195' title='bbox 2520 2833 2645 2914; x_wconf 84' lang='lat' dir='ltr'><strong>legi</strong></span> 
     </span>
     <span class='ocr_line' id='line_1_24' title="bbox 685 2937 2647 3018; baseline 0.001 -21"><span class='ocrx_word' id='word_1_196' title='bbox 685 2957 855 3018; x_wconf 85' lang='lat' dir='ltr'><strong>posse</strong></span> <span class='ocrx_word' id='word_1_197' title='bbox 886 2944 1034 3015; x_wconf 83' lang='lat' dir='ltr'><strong>puto</strong></span> <span class='ocrx_word' id='word_1_198' title='bbox 1052 2981 1072 3013; x_wconf 92' lang='lat'><em>‚</em></span> <span class='ocrx_word' id='word_1_199' title='bbox 1096 2969 1176 2981; x_wconf 91' lang='lat'><strong>—</strong></span> <span class='ocrx_word' id='word_1_200' title='bbox 1199 2938 1493 3016; x_wconf 76' lang='lat' dir='ltr'><strong>mentique</strong></span> <span class='ocrx_word' id='word_1_201' title='bbox 1521 2937 1764 2996; x_wconf 76' lang='lat' dir='ltr'><strong>divinae</strong></span> <span class='ocrx_word' id='word_1_202' title='bbox 1792 2949 1848 2997; x_wconf 80' lang='lat' dir='ltr'><strong>et</strong></span> <span class='ocrx_word' id='word_1_203' title='bbox 1861 2939 2234 3018; x_wconf 77' lang='lat' dir='ltr'><strong>praepotenti</strong></span> <span class='ocrx_word' id='word_1_204' title='bbox 2247 2962 2267 2997; x_wconf 91' lang='lat'><strong>.·</strong></span> <span class='ocrx_word' id='word_1_205' title='bbox 2306 2939 2441 2998; x_wconf 79' lang='lat' dir='ltr'><strong>ideo</strong></span> <span class='ocrx_word' id='word_1_206' title='bbox 2465 2940 2647 2998; x_wconf 69' lang='lat' dir='ltr'><strong>etiam</strong></span> 
     </span>
     <span class='ocr_line' id='line_1_25' title="bbox 686 3041 2646 3121; baseline 0.001 -20"><span class='ocrx_word' id='word_1_207' title='bbox 686 3043 997 3101; x_wconf 69' lang='lat' dir='ltr'><strong>universus</strong></span> <span class='ocrx_word' id='word_1_208' title='bbox 1048 3047 1165 3099; x_wconf 88' lang='lat' dir='ltr'><strong>cet.</strong></span> <span class='ocrx_word' id='word_1_209' title='bbox 1210 3041 1428 3100; x_wconf 75' lang='lat' dir='ltr'><strong>civitas</strong></span> <span class='ocrx_word' id='word_1_210' title='bbox 1479 3041 1805 3100; x_wconf 76' lang='lat' dir='ltr'><strong>communis</strong></span> <span class='ocrx_word' id='word_1_211' title='bbox 1855 3042 2092 3100; x_wconf 78' lang='lat' dir='ltr'><strong>deorum</strong></span> <span class='ocrx_word' id='word_1_212' title='bbox 2138 3053 2312 3121; x_wconf 76' lang='lat' dir='ltr'><strong>atque</strong></span> <span class='ocrx_word' id='word_1_213' title='bbox 2345 3041 2646 3103; x_wconf 69' lang='lat' dir='ltr'><strong>hominum</strong></span> 
     </span>
     <span class='ocr_line' id='line_1_26' title="bbox 684 3142 2646 3224; baseline 0.001 -21"><span class='ocrx_word' id='word_1_214' title='bbox 684 3142 1080 3204; x_wconf 51' lang='lat' dir='ltr'><strong>existimanda</strong></span> <span class='ocrx_word' id='word_1_215' title='bbox 1124 3154 1209 3202; x_wconf 73' lang='lat' dir='ltr'><strong>est</strong></span> <span class='ocrx_word' id='word_1_216' title='bbox 1225 3166 1245 3201; x_wconf 84' lang='lat'><strong>.-</strong></span> <span class='ocrx_word' id='word_1_217' title='bbox 1289 3149 1359 3202; x_wconf 91' lang='lat' dir='ltr'><strong>ut</strong></span> <span class='ocrx_word' id='word_1_218' title='bbox 1391 3142 1555 3202; x_wconf 91' lang='lat' dir='ltr'><strong>enim</strong></span> <span class='ocrx_word' id='word_1_219' title='bbox 1597 3143 1852 3203; x_wconf 79' lang='lat' dir='ltr'><strong>verbum</strong></span> <span class='ocrx_word' id='word_1_220' title='bbox 1886 3144 2067 3203; x_wconf 78' lang='lat' dir='ltr'><strong>subet.</strong></span> <span class='ocrx_word' id='word_1_221' title='bbox 2104 3142 2171 3204; x_wconf 89' lang='lat' dir='ltr'><strong>in</strong></span> <span class='ocrx_word' id='word_1_222' title='bbox 2203 3143 2325 3206; x_wconf 85' lang='lat' dir='ltr'><strong>fine</strong></span> <span class='ocrx_word' id='word_1_223' title='bbox 2358 3153 2646 3224; x_wconf 86' lang='lat' dir='ltr'><strong>ponatur,</strong></span> 
     </span>
     <span class='ocr_line' id='line_1_27' title="bbox 686 3244 2713 3320; baseline 0.001 -14"><span class='ocrx_word' id='word_1_224' title='bbox 686 3246 970 3306; x_wconf 88' lang='lat' dir='ltr'><strong>nonnulli</strong></span> <span class='ocrx_word' id='word_1_225' title='bbox 1016 3244 1160 3303; x_wconf 90' lang='lat' dir='ltr'><strong>libri</strong></span> <span class='ocrx_word' id='word_1_226' title='bbox 1209 3244 1497 3320; x_wconf 85' lang='lat' dir='ltr'><strong>suadent,</strong></span> <span class='ocrx_word' id='word_1_227' title='bbox 1554 3254 1616 3304; x_wconf 86' lang='lat' dir='ltr'><strong>et</strong></span> <span class='ocrx_word' id='word_1_228' title='bbox 1667 3266 1814 3306; x_wconf 82' lang='lat' dir='ltr'><strong>vero</strong></span> <span class='ocrx_word' id='word_1_229' title='bbox 1848 3248 2222 3309; x_wconf 88' lang='lat' dir='ltr'><strong>consuetudo</strong></span> <span class='ocrx_word' id='word_1_230' title='bbox 2251 3249 2549 3309; x_wconf 86' lang='lat' dir='ltr'><strong>Ciceronis</strong></span> <span class='ocrx_word' id='word_1_231' title='bbox 2577 3248 2647 3308; x_wconf 88' lang='lat' dir='ltr'><strong>in</strong></span> <span class='ocrx_word' id='word_1_232' title='bbox 2696 3279 2713 3297; x_wconf 63' lang='grc' dir='ltr'>ι</span> 
     </span>
     <span class='ocr_line' id='line_1_28' title="bbox 688 3346 2648 3428; baseline 0.001 -18"><span class='ocrx_word' id='word_1_233' title='bbox 688 3349 807 3410; x_wconf 86' lang='lat' dir='ltr'><strong>hac</strong></span> <span class='ocrx_word' id='word_1_234' title='bbox 852 3346 1097 3408; x_wconf 80' lang='lat' dir='ltr'><strong>dicendi</strong></span> <span class='ocrx_word' id='word_1_235' title='bbox 1128 3346 1354 3424; x_wconf 81' lang='lat' dir='ltr'><strong>forma,</strong></span> <span class='ocrx_word' id='word_1_236' title='bbox 1390 3347 1558 3428; x_wconf 89' lang='lat' dir='ltr'><strong>quod</strong></span> <span class='ocrx_word' id='word_1_237' title='bbox 1592 3347 1753 3409; x_wconf 89' lang='lat' dir='ltr'><strong>idem</strong></span> <span class='ocrx_word' id='word_1_238' title='bbox 1806 3349 1874 3409; x_wconf 88' lang='lat' dir='ltr'><strong>in</strong></span> <span class='ocrx_word' id='word_1_239' title='bbox 1923 3351 2043 3412; x_wconf 86' lang='lat' dir='ltr'><strong>alio</strong></span> <span class='ocrx_word' id='word_1_240' title='bbox 2075 3351 2289 3421; x_wconf 86' lang='lat' dir='ltr'><strong>ordine</strong></span> <span class='ocrx_word' id='word_1_241' title='bbox 2319 3351 2648 3412; x_wconf 77' lang='lat' dir='ltr'><strong>verborum</strong></span> 
     </span>
     <span class='ocr_line' id='line_1_29' title="bbox 692 3449 2650 3534; baseline 0.002 -22"><span class='ocrx_word' id='word_1_242' title='bbox 692 3450 1117 3512; x_wconf 79' lang='lat' dir='ltr'><strong>animadvertit</strong></span> <span class='ocrx_word' id='word_1_243' title='bbox 1183 3449 1436 3529; x_wconf 79' lang='lat' dir='ltr'><strong>Madvig.</strong></span> <span class='ocrx_word' id='word_1_244' title='bbox 1498 3450 1576 3510; x_wconf 89' lang='lat' dir='ltr'><strong>ad</strong></span> <span class='ocrx_word' id='word_1_245' title='bbox 1626 3450 1754 3512; x_wconf 82' lang='lat' dir='ltr'><strong>Fin.</strong></span> <span class='ocrx_word' id='word_1_246' title='bbox 1791 3472 1851 3531; x_wconf 90' lang='lat' dir='ltr'><strong>p.</strong></span> <span class='ocrx_word' id='word_1_247' title='bbox 1892 3454 2034 3514; x_wconf 92' lang='lat'><strong>772.</strong></span> <span class='ocrx_word' id='word_1_248' title='bbox 2115 3453 2408 3515; x_wconf 87' lang='lat' dir='ltr'><strong>Placitum</strong></span> <span class='ocrx_word' id='word_1_249' title='bbox 2448 3455 2650 3534; x_wconf 86' lang='lat' dir='ltr'><strong>ipsum</strong></span> 
     </span>
     <span class='ocr_line' id='line_1_30' title="bbox 690 3553 2653 3632; baseline 0.003 -17"><span class='ocrx_word' id='word_1_250' title='bbox 690 3555 830 3615; x_wconf 85' lang='lat' dir='ltr'><strong>satis</strong></span> <span class='ocrx_word' id='word_1_251' title='bbox 863 3553 1174 3632; x_wconf 88' lang='lat' dir='ltr'><strong>cognitum</strong></span> <span class='ocrx_word' id='word_1_252' title='bbox 1220 3561 1335 3612; x_wconf 87' lang='lat' dir='ltr'><strong>est:</strong></span> <span class='ocrx_word' id='word_1_253' title='bbox 1393 3572 1589 3632; x_wconf 88' lang='lat' dir='ltr'><strong>eoque</strong></span> <span class='ocrx_word' id='word_1_254' title='bbox 1619 3554 1884 3632; x_wconf 86' lang='lat' dir='ltr'><strong>pertinet</strong></span> <span class='ocrx_word' id='word_1_255' title='bbox 1913 3553 2217 3616; x_wconf 86' lang='lat' dir='ltr'><strong>Plutarch.</strong></span> <span class='ocrx_word' id='word_1_256' title='bbox 2256 3553 2411 3617; x_wconf 75' lang='lat' dir='ltr'><strong>adv..</strong></span> <span class='ocrx_word' id='word_1_257' title='bbox 2426 3555 2653 3619; x_wconf 73' lang='lat' dir='ltr'><strong>stoicos</strong></span> 
     </span>
     <span class='ocr_line' id='line_1_31' title="bbox 691 3652 2653 3738; baseline 0.002 -21"><span class='ocrx_word' id='word_1_258' title='bbox 691 3678 754 3738; x_wconf 88' lang='lat' dir='ltr'><strong>p.</strong></span> <span class='ocrx_word' id='word_1_259' title='bbox 786 3655 940 3717; x_wconf 87' lang='grc'><strong>1065</strong></span> <span class='ocrx_word' id='word_1_260' title='bbox 955 3702 975 3732; x_wconf 90' lang='lat'><em>,</em></span> <span class='ocrx_word' id='word_1_261' title='bbox 1014 3656 1083 3715; x_wconf 87' lang='lat' dir='ltr'><strong>F:</strong></span> <span class='ocrx_word' id='word_1_262' title='bbox 1126 3655 1194 3715; x_wconf 91' lang='lat' dir='ltr'><strong>in</strong></span> <span class='ocrx_word' id='word_1_263' title='bbox 1226 3655 1421 3715; x_wconf 86' lang='lat' dir='ltr'><strong>exsilii</strong></span> <span class='ocrx_word' id='word_1_264' title='bbox 1450 3655 1856 3716; x_wconf 89' lang='lat' dir='ltr'><strong>consolatione</strong></span> <span class='ocrx_word' id='word_1_265' title='bbox 1894 3659 2067 3737; x_wconf 90' lang='lat' dir='ltr'><strong>ponit</strong></span> <span class='ocrx_word' id='word_1_266' title='bbox 2094 3652 2393 3719; x_wconf 73' lang='lat' dir='ltr'><strong>Musonius</strong></span> <span class='ocrx_word' id='word_1_267' title='bbox 2416 3657 2653 3721; x_wconf 75' lang='lat' dir='ltr'><strong>Stohaei</strong></span> 
     </span>
     <span class='ocr_line' id='line_1_32' title="bbox 693 3756 2648 3842; baseline 0.002 -22"><span class='ocrx_word' id='word_1_268' title='bbox 693 3760 819 3836; x_wconf 83' lang='lat' dir='ltr'><strong>XL,</strong></span> <span class='ocrx_word' id='word_1_269' title='bbox 855 3759 930 3838; x_wconf 89' lang='lat'><strong>9,</strong></span> <span class='ocrx_word' id='word_1_270' title='bbox 972 3757 1058 3842; x_wconf 87' lang='lat' dir='ltr'><strong>(T.</strong></span> <span class='ocrx_word' id='word_1_271' title='bbox 1093 3758 1173 3819; x_wconf 91' lang='lat' dir='ltr'><strong>II.</strong></span> <span class='ocrx_word' id='word_1_272' title='bbox 1209 3779 1272 3838; x_wconf 87' lang='lat' dir='ltr'><strong>p.</strong></span> <span class='ocrx_word' id='word_1_273' title='bbox 1308 3758 1407 3821; x_wconf 90' lang='lat'><strong>87.</strong></span> <span class='ocrx_word' id='word_1_274' title='bbox 1437 3756 1646 3840; x_wconf 81' lang='lat' dir='ltr'><strong>Gaisf.)</strong></span> <span class='ocrx_word' id='word_1_275' title='bbox 1679 3762 1905 3836; x_wconf 74' lang='grc' dir='ltr'><strong><em>νομίζει</em></strong></span> <span class='ocrx_word' id='word_1_276' title='bbox 1938 3758 2096 3819; x_wconf 75' lang='grc' dir='ltr'><strong><em>εἶναι</em></strong></span> <span class='ocrx_word' id='word_1_277' title='bbox 2133 3765 2378 3835; x_wconf 75' lang='grc' dir='ltr'><strong><em>πολίτης</em></strong></span> <span class='ocrx_word' id='word_1_278' title='bbox 2408 3768 2509 3837; x_wconf 80' lang='grc' dir='ltr'><strong>τῆς</strong></span> <span class='ocrx_word' id='word_1_279' title='bbox 2544 3769 2648 3823; x_wconf 83' lang='grc' dir='ltr'><strong>τοῦ</strong></span> 
     </span>
     <span class='ocr_line' id='line_1_33' title="bbox 694 3863 2369 3942; baseline -0.001 -17"><span class='ocrx_word' id='word_1_280' title='bbox 694 3868 846 3930; x_wconf 77' lang='grc' dir='ltr'><strong>Διὸς</strong></span> <span class='ocrx_word' id='word_1_281' title='bbox 873 3868 1119 3931; x_wconf 78' lang='grc' dir='ltr'><strong><em>πόλεως,</em></strong></span> <span class='ocrx_word' id='word_1_282' title='bbox 1165 3866 1199 3936; x_wconf 83' lang='grc' dir='ltr'><strong><em>ἣ</em></strong></span> <span class='ocrx_word' id='word_1_283' title='bbox 1237 3864 1551 3936; x_wconf 73' lang='grc' dir='ltr'><strong>συνὲςηκεν</strong></span> <span class='ocrx_word' id='word_1_284' title='bbox 1596 3863 1659 3928; x_wconf 76' lang='grc' dir='ltr'><strong>ἐξ</strong></span> <span class='ocrx_word' id='word_1_285' title='bbox 1694 3864 2017 3942; x_wconf 74' lang='grc' dir='ltr'><strong>ἀνθρώπων</strong></span> <span class='ocrx_word' id='word_1_286' title='bbox 2056 3871 2154 3923; x_wconf 77' lang='grc' dir='ltr'><strong>καὶ</strong></span> <span class='ocrx_word' id='word_1_287' title='bbox 2188 3869 2369 3924; x_wconf 73' lang='grc' dir='ltr'><strong><em>θεῶν.</em></strong></span> 
     </span>
    </p>

    <p class='ocr_par' dir='ltr' id='par_1_3' title="bbox 697 3965 2652 4255">
     <span class='ocr_line' id='line_1_34' title="bbox 776 3965 2651 4048; baseline 0 -19"><span class='ocrx_word' id='word_1_288' title='bbox 776 3980 834 4029; x_wconf 78' lang='lat' dir='ltr'><strong>et</strong></span> <span class='ocrx_word' id='word_1_289' title='bbox 866 3968 1022 4048; x_wconf 80' lang='lat' dir='ltr'><strong>quod</strong></span> <span class='ocrx_word' id='word_1_290' title='bbox 1051 3969 1120 4027; x_wconf 75' lang='lat' dir='ltr'><strong>in</strong></span> <span class='ocrx_word' id='word_1_291' title='bbox 1152 3966 1498 4027; x_wconf 75' lang='lat' dir='ltr'><strong>civitatibus</strong></span> <span class='ocrx_word' id='word_1_292' title='bbox 1537 3965 1643 4046; x_wconf 90' lang='lat'><strong>—)</strong></span> <span class='ocrx_word' id='word_1_293' title='bbox 1722 3966 2062 4043; x_wconf 86' lang='lat' dir='ltr'><strong>Ernestum‚</strong></span> <span class='ocrx_word' id='word_1_294' title='bbox 2104 3968 2212 4046; x_wconf 88' lang='lat' dir='ltr'><strong>qui</strong></span> <span class='ocrx_word' id='word_1_295' title='bbox 2256 3967 2323 4027; x_wconf 87' lang='lat' dir='ltr'><strong>in</strong></span> <span class='ocrx_word' id='word_1_296' title='bbox 2367 3967 2486 4029; x_wconf 87' lang='lat' dir='ltr'><strong>hoc</strong></span> <span class='ocrx_word' id='word_1_297' title='bbox 2517 3967 2651 4029; x_wconf 86' lang='lat' dir='ltr'><strong>loco</strong></span> 
     </span>
     <span class='ocr_line' id='line_1_35' title="bbox 697 4069 2651 4151; baseline 0 -19"><span class='ocrx_word' id='word_1_298' title='bbox 697 4071 1017 4148; x_wconf 85' lang='lat' dir='ltr'><strong>haerebat,</strong></span> <span class='ocrx_word' id='word_1_299' title='bbox 1077 4070 1295 4148; x_wconf 82' lang='lat' dir='ltr'><strong>fugisse</strong></span> <span class='ocrx_word' id='word_1_300' title='bbox 1342 4069 1585 4129; x_wconf 85' lang='lat' dir='ltr'><strong>videtur</strong></span> <span class='ocrx_word' id='word_1_301' title='bbox 1635 4070 1790 4149; x_wconf 77' lang='lat' dir='ltr'><strong>quod</strong></span> <span class='ocrx_word' id='word_1_302' title='bbox 1835 4070 2157 4131; x_wconf 81' lang='lat' dir='ltr'><strong>relativum</strong></span> <span class='ocrx_word' id='word_1_303' title='bbox 2192 4091 2303 4150; x_wconf 92' lang='lat' dir='ltr'><strong>pro</strong></span> <span class='ocrx_word' id='word_1_304' title='bbox 2337 4072 2546 4151; x_wconf 85' lang='lat' dir='ltr'><strong>partic.</strong></span> <span class='ocrx_word' id='word_1_305' title='bbox 2582 4082 2651 4131; x_wconf 70' lang='lat' dir='ltr'><strong>ut</strong></span> 
     </span>
     <span class='ocr_line' id='line_1_36' title="bbox 700 4173 2652 4255; baseline 0.001 -21"><span class='ocrx_word' id='word_1_306' title='bbox 700 4175 871 4250; x_wconf 86' lang='lat' dir='ltr'><strong>poni:</strong></span> <span class='ocrx_word' id='word_1_307' title='bbox 914 4183 1046 4235; x_wconf 85' lang='lat' dir='ltr'><strong>tum</strong></span> <span class='ocrx_word' id='word_1_308' title='bbox 1097 4193 1220 4234; x_wconf 85' lang='lat' dir='ltr'><strong>esse</strong></span> <span class='ocrx_word' id='word_1_309' title='bbox 1271 4173 1806 4252; x_wconf 82' lang='lat' dir='ltr'><strong>breviloquentiam</strong></span> <span class='ocrx_word' id='word_1_310' title='bbox 1854 4193 1968 4253; x_wconf 89' lang='lat' dir='ltr'><strong>pro</strong></span> <span class='ocrx_word' id='word_1_311' title='bbox 2018 4175 2173 4254; x_wconf 80' lang='lat' dir='ltr'><strong>quod</strong></span> <span class='ocrx_word' id='word_1_312' title='bbox 2205 4207 2283 4221; x_wconf 94' lang='lat'><strong>—-</strong></span> <span class='ocrx_word' id='word_1_313' title='bbox 2305 4176 2419 4255; x_wconf 78' lang='lat' dir='ltr'><strong>fit,</strong></span> <span class='ocrx_word' id='word_1_314' title='bbox 2470 4185 2537 4235; x_wconf 77' lang='lat' dir='ltr'><strong>ut</strong></span> <span class='ocrx_word' id='word_1_315' title='bbox 2568 4204 2652 4221; x_wconf 92' lang='lat'><em>-</em></span> 
     </span>
    </p>
   </div>
  </div>
 </body>
</html>
