3131 5032
1682 454 1824 527 228

737 658 794 710 S·
814 657 878 711 G.
909 661 1186 730 perscripta
1216 660 1303 712 96.
1333 659 1585 712 120.122.
1600 660 1722 713 124.

804 749 925 801 126.
954 751 1074 803 127.

739 852 944 893 senatus
984 842 1213 894 consulta
1242 842 1284 894 D
1317 862 1353 892 α
1376 847 1421 907 β
1449 863 1483 909 y
1514 843 1602 897 47.
1631 845 1720 898 48.

734 950 812 986 ee.
837 951 954 986 oon.
976 937 1258 1005 perscripta
1285 934 1347 987 R.

730 1041 775 1078 ι.
804 1042 853 1076 c.
883 1028 1160 1097 perscripta
1190 1026 1257 1079 V.

731 1118 918 1187 scripta
949 1136 1155 1189 semper
1181 1128 1414 1172 servanto
1441 1136 1476 1168 α
1508 1118 1595 1173 10.

726 1212 1038 1279 praeacripta
1071 1211 1158 1262 47.
1194 1210 1282 1264 96.
1313 1210 1432 1262 120.

729 1301 978 1354 servando
1007 1303 1096 1355 39.

723 1390 809 1443 his
835 1393 959 1444 ordo
989 1393 1076 1445 10.

724 1494 940 1536 vocante
969 1502 1004 1533 α
1037 1484 1235 1552 (marg.
1262 1485 1337 1538 al.
1363 1484 1606 1553 noetio.)

721 1586 897 1627 vocato
928 1575 1014 1627 10.
1044 1574 1133 1627 39.
1166 1574 1283 1626 127.

719 1676 929 1719 vacuato
960 1667 1022 1718 Ε.

718 1759 915 1809 vocatio
949 1757 1017 1808 V.

718 1851 912 1902 vacatio
943 1847 986 1900 l)
1024 1854 1067 1911 β
1098 1849 1185 1900 96.

716 1942 947 2011 speciem
981 1942 1135 1992 mesti
1167 1941 1387 1992 ocreatio
1418 1939 1484 1991 A.

716 2032 947 2100 speciem
979 2040 1143 2082 mesto
1176 2030 1216 2082 B
1249 2030 1312 2082 B.

713 2124 944 2193 speciem
977 2132 1140 2175 mesto
1176 2120 1239 2176 C.

709 2215 922 2266 certatio
952 2197 1025 2278 γ..

707 2306 1032 2374 magistratus
1069 2302 1152 2357 10.

707 2408 759 2450 et
785 2396 976 2448 iudicia
1006 2416 1040 2464 γ
1070 2396 1138 2449 V.

709 2485 898 2558 (iussa)
929 2487 1018 2540 10.

705 2581 836 2631 iusta
862 2598 896 2643 γ
926 2580 1016 2631 89.

703 2671 858 2723 vetite
928 2687 1046 2721 cum
1113 2671 1390 2721 sciscentur
1454 2669 1693 2740 suffragia

772 2762 1108 2833 optimatibus
1137 2762 1260 2814 124.
1288 2761 1409 2814 126.

702 2871 822 2907 cum
849 2865 1054 2906 senatus
1084 2854 1325 2924 suffragio
1350 2852 1436 2905 48.

705 2964 793 2999 eos
823 2947 1088 2997 cincentur
1117 2946 1162 2997 A
1191 2944 1255 2996 Ε.

704 3055 793 3090 eos
821 3038 1097 3106 cingentur
1130 3034 1194 3088 C.

703 3145 823 3179 cum
863 3128 1105 3197 suffragio
1136 3141 1200 3177 eo
1228 3126 1301 3177 sci
1326 3135 1538 3178 centuro
1564 3143 1695 3196 rop-

775 3228 884 3269 tum
915 3216 1084 3270 atibus
1114 3215 1174 3268 Β.

706 3327 769 3362 eo
802 3311 1054 3362 acisentur
1092 3306 1155 3357 V.

708 3411 822 3453 vota
856 3418 892 3465 y
924 3399 1011 3450 10.
1035 3398 1122 3450 39.
1152 3395 1272 3449 127.

1019 3577 1245 3631 CAPUT
1293 3575 1390 3629 lv,

713 3772 800 3814 eut
828 3761 957 3831 quid
985 3762 1082 3813 erit
1114 3759 1157 3812 A
1192 3762 1230 3811 Β
1263 3758 1307 3814 C
1337 3758 1379 3810 D
1413 3761 1452 3813 E
1489 3764 1695 3827 αβγδ

779 3853 868 3906 11.
900 3852 988 3904 58.
1020 3852 1106 3904 65.
1135 3852 1223 3903 96.
1252 3852 1375 3905 127.
1404 3851 1447 3903 R
1476 3852 1542 3905 V.

709 3955 786 3996 nst
810 3943 939 4013 quid
967 3942 1089 3995 124.
1117 3943 1239 3995 126.

708 4045 794 4085 aut
821 4034 1038 4103 quidem
1067 4035 1167 4085 erit
1192 4034 1281 4087 39.

708 4127 806 4177 erit
835 4124 1051 4194 quidem
1081 4134 1221 4177 extra
1256 4126 1321 4178 V.

710 4227 793 4268 aut
821 4215 948 4284 quid
977 4232 1098 4268 eum
1129 4216 1223 4285 qui
1253 4216 1339 4269 10.

1780 676 1886 727 quo
1914 658 2118 713 berario
2145 679 2262 715 esus
2290 663 2359 715 sit
2391 663 2455 716 A.

1779 766 1884 819 quo
1914 753 2107 803 aerario
2137 754 2222 805 10.
2253 754 2340 807 47.
2367 755 2455 806 96.
2488 753 2610 809 120.
2637 749 2702 809 R.

1778 843 2046 908 quom-ario
2077 859 2195 897 em·
2225 847 2293 897 sit
2319 845 2362 897 D
2389 847 2477 899 65.

1776 931 2039 986 cobet-ario
2067 953 2185 988 esus
2213 937 2280 989 sit
2310 937 2349 989 B
2381 936 2424 989 C
2457 940 2496 989 δ
2530 938 2618 991 48.
2644 939 2770 993 122.

1841 1024 1965 1077 127.

1775 1115 2081 1184 quoherario
2108 1117 2265 1172 besue
2293 1122 2360 1172 sit
2387 1120 2429 1173 E
2457 1121 2546 1174 11.
2573 1123 2662 1176 58.

1775 1223 1879 1274 quo
1910 1211 2072 1261 erario
2106 1209 2263 1264 hesua
2293 1214 2361 1264 sit
2391 1212 2454 1265 R.

1772 1313 1877 1365 qno
1905 1301 2098 1352 aerario
2130 1319 2185 1354 es
2215 1304 2317 1354 usit
2345 1302 2413 1354 V.

1772 1392 2122 1460 magistratum
2166 1409 2272 1463 quo
2315 1397 2506 1447 errario
2550 1411 2669 1448 esus
2696 1397 2765 1449 sit

1842 1499 1877 1530 α
1903 1483 1991 1535 58.
2027 1485 2114 1536 96.

1770 1573 2123 1641 magistratum
2139 1591 2243 1643 quo
2257 1578 2452 1629 aerario
2467 1579 2662 1631 exussit
2672 1579 2764 1632 10.

1766 1674 2023 1716 coemtore
2052 1666 2170 1719 124.
2202 1668 2321 1720 126.

1766 1770 1872 1822 quo
1902 1758 2091 1807 errario
2125 1756 2285 1810 benus
2313 1760 2383 1811 sit
2407 1763 2453 1822 β
2482 1778 2518 1825 y
2557 1759 2755 1829 (marg.

1832 1846 2077 1917 exussit.)

1708 1968 1719 1979 -
1765 1938 1961 1987 exussit
1992 1937 2078 1989 10.

1763 2041 1828 2077 ex
1850 2043 1948 2078 usu
1977 2029 2044 2078 sit
2071 2029 2158 2081 47.

1761 2132 1903 2168 nesus
1935 2118 2004 2169 sit
2027 2118 2115 2172 39.
2145 2120 2232 2172 48.

1759 2209 1851 2276 qui
1875 2207 2086 2262 coheret
2115 2210 2158 2263 C
2192 2229 2229 2262 α
2259 2213 2299 2263 δ
2328 2215 2392 2266 V.

1756 2296 1996 2351 cohaeret
2024 2302 2109 2353 39.
2142 2303 2229 2356 48.
2255 2304 2377 2357 120.
2409 2305 2527 2358 122.
2553 2307 2677 2359 127.

1756 2390 1847 2458 qui
1879 2403 2080 2445 coercet
2109 2392 2173 2445 D.

1755 2482 1846 2550 qui
1876 2480 2113 2538 cohercet
2144 2485 2208 2537 n.

1750 2570 1958 2624 coherat
1983 2576 2072 2628 58.

1752 2664 1845 2730 qui
1877 2662 2022 2717 heret
2058 2667 2141 2719 10.

1750 2766 1947 2807 uouerat
1979 2756 2094 2808 124.
2131 2758 2251 2812 126.

1753 2847 1803 2896 ei
1832 2847 1925 2912 qui
1954 2848 2031 2899 ius
2058 2850 2104 2900 A
2136 2853 2172 2900 B
2205 2849 2249 2902 G
2285 2851 2326 2903 E
2369 2853 2450 2903 11.
2480 2853 2571 2906 39.

1666 3010 1675 3019 .
1753 2937 1836 2988 ius
1864 2939 2138 2991 coercendi
2174 2940 2235 3004 D.

1750 3029 1992 3079 coci-endi
2025 3047 2060 3079 α
2093 3029 2155 3084 R.

1749 3119 2027 3172 cobet-andi
2059 3121 2121 3174 Ε.
2307 3154 2319 3170 ·

1750 3211 2030 3265 coherendi
2064 3215 2148 3266 10.
2175 3214 2263 3269 58.
2298 3214 2365 3269 V.

1750 3301 2061 3355 cohercendi
2090 3306 2177 3357 96.

1752 3394 1835 3446 ius
1863 3405 1942 3447 est
1968 3395 2054 3448 58.

1751 3488 2085 3556 equicunque
2124 3487 2207 3540 10.

1752 3594 1910 3647 quam
1942 3590 2109 3649 putres
2137 3580 2202 3634 1).

1752 3680 1922 3739 patres
1945 3671 2238 3741 producunt
2268 3674 2351 3726 10.

1751 3762 1978 3831 produnt
2022 3774 2191 3833 patres
2232 3764 2317 3817 39.
2348 3765 2435 3817 47.
2470 3766 2587 3822 120.
2625 3767 2739 3823 122.

1828 3852 1945 3903 124.
1976 3853 2093 3907 126.
2127 3856 2244 3907 127.

1751 3944 2092 4014 rogandorum
2126 3949 2286 4018 igitur
2313 3948 2401 4002 39.
2432 3949 2498 4002 V.

1752 4034 2097 4105 rogandomm
2126 4050 2235 4091 esto
2264 4039 2351 4094 65.

1751 4127 1973 4181 tribunis
2003 4146 2133 4200 quae
2163 4147 2294 4199 quos
2326 4129 2392 4186 Α.

1751 4219 1852 4273 οἱδὶ
1879 4237 1932 4289 p.
1966 4239 2008 4276 r.
2035 4221 2076 4276 1.
2109 4224 2321 4292 rogauit
2357 4223 2421 4279 A.
