3131 5032
698 466 807 507 xvt

695 660 809 716 aut
861 668 1038 738 spem
1109 644 1371 725 fecerit,
1440 667 1573 712 non
1640 659 1774 715 tam
1842 643 2329 714 conficiendum
2380 670 2511 716 esse
2557 662 2675 718 aut

694 759 964 829 omnino
998 779 1132 825 non
1164 780 1202 824 a
1232 756 1536 825 Cicerone
1577 755 1849 848 scriptos
1889 754 2080 824 fuisse
2125 756 2245 825 bos
2278 757 2514 841 libros,
2560 759 2679 829 ant

691 884 1013 962 postremo
1042 869 1308 936 demum
1338 866 1504 936 vitae
1534 881 1828 961 tempore
1850 868 2219 949 confectos,
2250 893 2447 961 quam
2480 872 2670 941 scribi

693 996 991 1071 coeptos,
1036 980 1151 1048 sed
1182 1002 1299 1046 nec
1334 979 1697 1060 absolutos,
1744 994 1867 1049 nec
1901 979 2141 1059 editos,
2186 980 2339 1049 satis
2374 995 2678 1053 constans

684 1094 887 1163 bodie
935 1092 1281 1162 doctorum
1328 1090 1649 1161 sententia
1704 1104 1823 1159 est.
1911 1090 2110 1175 *Quod
2151 1106 2374 1161 autem
2406 1088 2680 1163 Rathius

691 1220 885 1297 putat
917 1206 1153 1274 borum
1183 1203 1501 1272 librorum
1528 1202 2066 1294 significationem
2094 1216 2338 1272 exstare
2367 1206 2459 1272 De
2491 1207 2673 1277 Orat.

691 1320 754 1396 1,
819 1320 939 1397 42,
1003 1319 1171 1393 190,
1234 1312 1346 1404 (sic
1395 1312 1571 1383 enim
1619 1312 1754 1381 eius
1803 1312 2196 1385 sententiam
2242 1313 2671 1405 interpretor,

691 1449 890 1519 quam
942 1448 1074 1494 non
1118 1447 1194 1492 ex
1242 1424 1379 1515 ipso
1397 1476 1427 1523 ,μ
1460 1424 1576 1492 sed
1605 1445 1682 1495 ex
1708 1427 1946 1494 Moser-o
1973 1425 2314 1516 cognovi),
2360 1448 2484 1494 nec
2521 1440 2665 1497 tum

689 1539 890 1607 credo
907 1588 925 1619 ,
970 1551 1123 1613 ante
1171 1536 1444 1627 scriptos
1490 1538 1585 1603 De
1625 1534 1980 1628 Republica
2015 1536 2256 1619 libros,
2300 1538 2462 1608 serio
2504 1537 2672 1607 illud

691 1653 779 1719 de
827 1652 965 1719 iure
1013 1650 1179 1718 civili
1225 1648 1547 1717 scribendi
1598 1648 1935 1718 consilium
1981 1648 2288 1741 agitasse,
2352 1673 2475 1720 nec
2531 1650 2670 1719 cui-

692 1784 927 1854 quam,
961 1760 1231 1851 opinor,
1267 1759 1459 1828 verba
1491 1761 1585 1827 De
1614 1761 1806 1849 Legg.
1828 1760 1897 1838 1,
1935 1761 2061 1839 20,
2099 1763 2225 1838 52.
2266 1760 2667 1850 (conus-over—

688 1878 871 1941 eiam
917 1873 998 1938 de
1023 1873 1292 1961 finibus
1340 1870 1710 1957 aliquando
1745 1870 2183 1937 iudicandam
2217 1869 2373 1960 eece)
2407 1894 2665 1962 perma-

691 1985 981 2063 dehtint,
1064 1995 1205 2049 tum
1271 1981 1399 2048 iam
1460 1979 1531 2046 in
1598 1979 1814 2047 animo
1873 1978 2163 2048 habuisse
2212 1990 2530 2067 σύνταγμα
2578 1983 2670 2049 De

688 2096 970 2165 Finibus.
1062 2094 1190 2162 Sed
1211 2144 1230 2174 ,
1276 2091 1398 2160 nisi
1427 2114 1546 2183 per
1585 2112 1656 2159 se*
1691 2089 1966 2183 intellig-i
1996 2104 2206 2181 posset
2236 2091 2382 2163 fieri
2412 2091 2665 2183 aliquo·-

695 2207 813 2275 ties
845 2203 1171 2283 debuisse,
1218 2202 1288 2271 in
1335 2217 1468 2271 tam
1505 2216 1817 2294 occupata
1853 2201 1978 2269 vita
2000 2252 2019 2282 ,
2068 2217 2145 2269 ut
2173 2201 2668 2275 instituerentur

689 2320 877 2411 plura
908 2339 1108 2408 quam
1140 2316 1657 2397 absolverentur,
1705 2315 1839 2405 ipsc
1869 2315 2219 2405 profitetur
2257 2317 2473 2407 (Legg.
2492 2318 2557 2397 1,
2596 2314 2666 2405 3)

688 2454 755 2499 se
794 2453 926 2495 mm
958 2443 1102 2495 tam
1118 2429 1341 2519 facile
1371 2432 1762 2514 interrupta
1794 2439 2134 2493 contexere
2151 2475 2170 2505 ,
2205 2449 2410 2512 quam
2444 2429 2667 2495 abcol-

688 2568 833 2610 vere
862 2548 1189 2609 instituta
1204 2571 1229 2608 .-
1274 2556 1343 2609 et
1373 2541 1641 2609 fortasse
1664 2540 1784 2609 alia
1812 2555 1967 2609 sunt
2000 2541 2289 2632 exempla
2314 2541 2665 2626 librorum,

687 2679 851 2747 quos
896 2675 1031 2724 non
1077 2652 1403 2722 confectos
1449 2652 1804 2743 reliquerit.
1897 2653 1999 2721 Ad
2053 2651 2369 2737 Quintum
2408 2654 2491 2722 fr.
2527 2656 2622 2720 111
2641 2703 2664 2734 ,

697 2776 773 2849 1,
838 2772 917 2849 4,
985 2771 1104 2847 11,
1166 2765 1391 2833 scribit
1447 2766 1547 2856 (A.
1603 2765 1678 2833 U.
1734 2764 1932 2854 700),
2001 2766 2210 2831 libros
2276 2789 2449 2831 meos
2500 2790 2664 2853 quoe

690 2893 1025 2969 exspectat
1041 2930 1060 2961 ,
1125 2879 1432 2944 inchoavi
1450 2910 1475 2944 .-
1535 2879 1655 2944 eod
1709 2879 2015 2966 cmfieere
2058 2900 2191 2942 non
2225 2901 2507 2965 possum
2555 2880 2666 2945 hie

689 2995 960 3060 didm:
1023 2991 1138 3059 sed
1187 2989 1255 3057 hi
1304 2989 1571 3079 quidem
1623 3003 1809 3058 erant
1855 3011 1962 3056 sex
2009 2988 2101 3055 illi
2147 2991 2239 3054 De
2273 2990 2664 3078 Republica;

689 3105 865 3174 conf.
908 3103 1068 3170 ibid.
1120 3104 1251 3181 111,
1301 3108 1341 3168 5
1391 3116 1459 3168 et
1506 3105 1569 3169 6.
1677 3100 1804 3167 Sed
1856 3113 2069 3181 certe,
2111 3123 2282 3189 quae
2326 3102 2547 3169 scribit
2579 3103 2669 3172 ad

688 3221 827 3287 Att.
863 3219 1049 3296 xlv,
1103 3220 1222 3294 17,
1272 3218 1353 3294 6,
1401 3213 1854 3281 demonstrant
1886 3212 1970 3281 ab
2004 3234 2081 3280 eo
2111 3228 2405 3304 stiscepta
2438 3215 2666 3297 misse,

691 3352 858 3422 quae
906 3348 1042 3396 non
1089 3326 1485 3406 absolvisset,
1531 3339 1649 3394 aut
1682 3347 1849 3415 quae
1880 3325 1987 3394 edi
2019 3325 2360 3396 noluisset:
2412 3330 2668 3396 librum

691 3467 949 3524 meum,
994 3439 1251 3520 scribit,
1299 3441 1509 3505 illum
1555 3441 1894 3508 ἀνέκδοτον
1943 3439 2276 3522 nondum,
2322 3455 2402 3507 ut
2446 3443 2665 3523 volui,

682 3558 1023 3648 peu-polivi
1039 3584 1063 3620 .-
1109 3551 1290 3642 atqui
1336 3551 1512 3620 idem
1562 3550 1900 3620 consilium
1933 3551 2285 3643 agitaverat
2317 3553 2446 3620 iam
2479 3556 2555 3624 Δ.
2590 3558 2664 3625 U.

694 3677 830 3740 695
850 3720 867 3750 ‚
901 3665 1032 3736 vid.
1063 3666 1151 3733 ad
1184 3667 1321 3732 Att.
1352 3666 1450 3745 Π,
1490 3668 1569 3743 6,
1607 3668 1670 3733 2.
1767 3664 2084 3756 lnteuigit
2115 3680 2334 3734 autem
2368 3669 2671 3738 Ernestus

694 3783 891 3851 libros
939 3794 1067 3848 tres
1084 3828 1102 3859 ,
1148 3799 1310 3868 quos
1356 3776 1635 3845 versibus
1682 3778 1769 3844 de
1813 3778 2214 3868 temporibus
2245 3778 2372 3846 suis
2398 3779 2667 3870 scripse-

697 3906 832 3962 rat:
878 3892 991 3958 sed
1038 3890 1155 3960 bos
1197 3890 1326 3957 iam
1357 3891 1432 3957 A.
1468 3891 1542 3957 U.
1584 3895 1720 3957 700
1762 3889 2084 3959 absolutos
2113 3891 2339 3972 fuisse,
2388 3914 2508 3960 nec
2545 3891 2667 3962 nisi

698 4002 1077 4073 verecundia
1129 4002 1515 4092 impeditum
1557 4002 1926 4073 Ciceronem
1967 4023 2101 4093 quo
2138 4003 2353 4074 minus
2403 4004 2663 4083 eden-et,

698 4130 945 4186 constat
1019 4139 1091 4184 ex
1163 4115 1247 4183 ad
1312 4115 1445 4182 Div.
1499 4118 1564 4194 1,
1631 4121 1710 4194 9,
1778 4119 1882 4184 23.
1993 4119 2268 4197 nunus,
2343 4137 2662 4208 nusquam
