3131 5032
1361 519 1455 592 63

429 743 508 801 ‘et
554 743 895 829 exspecto
914 782 936 820 ,
988 730 1188 828 quod
1230 746 1307 803 et
1358 730 1446 804 ad
1494 733 1949 832 pontificium
1991 744 2135 830 ius,
2185 734 2259 813 et
2292 743 2387 816 ad

431 847 633 920 civile
679 852 1064 949 pertinent.
1164 855 1260 923 Μ.
1320 855 1538 924 Vero:
1592 868 1666 926 et
1722 860 2167 955 apertissima
2213 877 2383 933 sunt

429 973 582 1040 istis
612 969 705 1041 de
737 969 956 1041 rebus
984 984 1056 1042 et
1080 995 1420 1070 responsa
1450 986 1523 1045 et
1556 978 1821 1074 scripta
1844 977 2099 1065 multa:
2138 996 2211 1052 et
2247 1007 2381 1081 ego

427 1093 502 1158 in
548 1089 691 1160 hoc
734 1093 937 1160 omni
976 1114 1308 1163 sermone
1355 1106 1642 1183 nostro,
1693 1096 1896 1192 quod
1938 1097 2032 1169 ad
2071 1124 2383 1198 cumque

425 1208 603 1306 legis
637 1233 863 1307 genus
898 1233 1015 1280 me
1043 1208 1437 1309 disputatio
1470 1226 1717 1287 nostra
1747 1214 2163 1309 deduxerit,
2198 1234 2383 1294 trac-

425 1328 632 1418 tabo,
673 1327 916 1426 quoad
949 1344 1245 1428 potero,
1279 1336 1433 1404 eius
1462 1335 1686 1432 ipsius
1724 1343 2001 1433 generis
2033 1344 2144 1411 ius
2178 1343 2379 1415 civile

421 1461 788 1538 nostrum3
825 1447 950 1519 sed
990 1452 1118 1535 ita,
1154 1447 1355 1520 locus
1384 1464 1468 1519 ut
1501 1454 1656 1549 ipse
1694 1467 1911 1525 notus
1944 1460 2072 1546 sit,
2109 1483 2196 1530 ex
2228 1485 2380 1556 quo

421 1565 732 1639 ducatur
776 1592 1112 1665 quaeque
1155 1593 1271 1640 ars
1297 1584 1319 1623 1
1364 1572 1572 1660 iuris;
1622 1587 1706 1644 ut
1740 1597 1890 1644 non
1929 1574 2224 1651 difficile
2257 1586 2381 1672 sit,

419 1692 555 1785 qui
618 1687 835 1760 modo
899 1692 1191 1787 ingenio
1239 1694 1469 1787 possit
1521 1697 1821 1783 moveri,
1875 1719 2380 1796 quaecumque

420 1832 610 1880 nova
662 1832 872 1880 causa
923 1808 1445 1881 consultatiove
1494 1811 1865 1904 acciderit,
1915 1819 2071 1887 eius
2131 1832 2377 1893 tenere

404 1932 552 2017 iuS,
611 1953 843 2025 quum
893 1932 1127 2000 scias²
1179 1953 1221 2001 a
1269 1953 1420 2026 quo
1465 1933 1559 2000 sit
1606 1937 1838 2030 capite
1877 1938 2375 2035 repetendum.

408 2047 552 2119 Sed
599 2047 1120 2137 iurisconsulti,
1169 2051 1316 2119 sive
1371 2054 1636 2121 erroris
1684 2052 2085 2128 obiiciundi
2128 2083 2374 2152 causa,

409 2193 565 2264 quo
622 2167 831 2266 plura
885 2181 960 2239 et
1009 2165 1415 2240 difficiliora
1471 2172 1652 2241 scire
1707 2172 2120 2267 videantur,
2184 2184 2371 2272 sive,

407 2285 615 2383 quod
644 2286 945 2357 similius
968 2289 1121 2358 veri
1143 2299 1284 2376 est,
1319 2290 1774 2385 ignoratione
1797 2291 2138 2387 docendi,
2176 2299 2373 2394 (nam

408 2429 560 2476 non
594 2405 830 2477 solum
862 2407 1045 2477 scire
1067 2404 1338 2502 aliquid
1365 2410 1539 2479 artis
1568 2421 1704 2499 est,
1734 2411 1858 2482 sed
1881 2416 2233 2510 quaedam
2256 2444 2371 2491 ars

407 2539 519 2596 eet
543 2538 570 2575 ³
633 2529 850 2598 etiam
880 2523 1252 2622 docendi,)
1294 2550 1506 2626 saepe
1548 2529 1748 2625 quod
1794 2539 2113 2630 positum
2148 2553 2257 2610 oet
2295 2543 2370 2610 in

407 2669 553 2718 una
578 2649 1026 2744 cognitione,
1051 2643 1124 2717 id
1157 2649 1231 2718 in
1255 2645 1536 2721 infinita
1558 2648 2102 2750 dispertiuntur.
2155 2659 2371 2732 Velut

408 2768 490 2835 in
527 2764 669 2837 hoc
697 2770 858 2864 ipso
894 2789 1188 2864 genere,
1225 2792 1447 2863 quam
1480 2793 1821 2867 magnum
1855 2773 2033 2846 illud
2070 2780 2368 2850 scaevo·-

409 2884 522 2956 lae
549 2883 848 2975 faciunt,
883 2884 1263 2985 pontifices
1284 2886 1503 2958 ambo
1533 2902 1607 2960 et
1639 2889 1855 2960 iidem
1879 2897 2055 2964 iuris
2087 2902 2367 2994 peritis-

408 3009 593 3076 simi.
690 3010 809 3097 At,
859 3010 1097 3103 inquit
1155 3005 1390 3078 Publii
1449 3004 1674 3097 filine,
1724 3032 1812 3079 ex
1866 3025 2070 3108 patre
2125 3016 2364 3088 audivi

408 3125 830 3221 pontificem
886 3127 1165 3198 honum
1222 3130 1587 3199 neminem
1650 3151 1831 3219 esse,
1884 3134 2024 3201 nisi
2078 3140 2210 3231 qui
2254 3140 2367 3209 ius

408 3245 614 3317 civile
653 3257 1055 3342 cognosset.
1104 3245 1510 3317 Totumne?
1547 3247 1740 3336 Quid
1765 3251 1909 3323 ita?
1943 3253 2138 3342 Quid
2168 3260 2363 3329 enim

406 3364 498 3438 ad
528 3362 949 3463 pontificem
984 3362 1076 3434 de
1114 3366 1271 3435 iure
1306 3368 1665 3462 parietum
1696 3382 1820 3439 aut
1852 3395 2206 3467 aquarum
2239 3391 2363 3448 aut

408 3484 556 3556 ullo
609 3483 951 3557 omnino?
1013 3485 1087 3554 Si
1126 3506 1263 3581 ego
1288 3488 1315 3527 ⁴
1367 3483 1569 3580 quod
1608 3510 1773 3557 cum
1811 3488 2156 3587 religione
2195 3519 2366 3567 con-

406 3610 731 3679 iunctum
766 3617 910 3694 est,
942 3603 1017 3674 id
1048 3617 1290 3676 autem
1318 3606 1749 3700 quantulum
1782 3611 1938 3680 est?
1971 3617 2076 3683 De
2109 3620 2359 3707 sacriS,

410 3726 660 3815 credo,
713 3725 807 3797 de
836 3728 1052 3813 votiS,
1099 3723 1191 3794 de
1226 3722 1424 3796 feriis
1462 3739 1534 3797 et
1559 3744 1589 3781 ⁵
1633 3724 1726 3798 de
1764 3730 2136 3828 sepulcris,
2187 3750 2261 3807 et
2297 3743 2359 3807 si

409 3845 585 3942 quid
612 3842 965 3918 eiusmodi
997 3857 1124 3915 est.
1182 3847 1329 3915 Cur
1355 3847 1579 3942 igitur
1603 3844 1778 3920 haec
1802 3863 1999 3924 tanta
2030 3851 2357 3944 facimus,

405 3990 637 4065 quum
678 3978 915 4037 cetera
950 3986 1296 4062 perparva
1333 3964 1524 4036 sint?

469 4231 486 4265 ¹
522 4244 656 4295 pun.
726 4229 750 4267 ²
790 4229 931 4285 scint.
1005 4233 1029 4269 ⁸
1066 4247 1168 4285 om.
1199 4242 1295 4285 est.
1368 4234 1390 4275 ἱ
1427 4235 1686 4287 omuino?
1724 4221 1876 4302 Ergo.
1950 4240 1975 4275 ⁸
2007 4255 2106 4289 om.
2140 4250 2210 4291 et.

2445 2082 2579 2138 xlx.

2441 2154 2530 2206 4⁷.
