3131 5032
517 698 703 752 xvnl.
739 698 748 707 “

613 769 698 820 48.

613 2636 702 2690 49.

1710 472 1800 543 26

869 691 1205 785 Sequitur
1252 701 1333 757 ut
1374 686 1710 758 conclusa
1746 683 1925 756 mihi
1965 689 2108 758 iam
2144 682 2321 757 haec
2354 692 2444 757 sit
2486 692 2727 760 omnis

771 811 1038 897 oratio,
1076 804 1150 879 id
1185 805 1387 903 quod
1411 819 1579 880 ante
1611 804 1859 880 oculos
1892 830 1978 878 ex
2009 805 2095 876 iis
2127 819 2274 895 est,
2312 829 2500 901 quae
2530 806 2723 880 dicta

770 940 973 1016 sunt,
1023 940 1096 998 et
1145 930 1257 999 ius
1306 939 1377 999 et
1422 950 1640 997 omne
1676 924 2060 997 honestum
2103 948 2233 999 sua
2271 939 2530 1023 sponte
2567 950 2725 1000 esse

770 1045 1273 1144 expetendum.
1398 1048 1680 1117 Etenim
1742 1068 1995 1116 omnes
2060 1045 2198 1113 viri
2253 1042 2432 1115 boni
2494 1048 2725 1144 ipsam

768 1168 1203 1262 aequitatem
1244 1180 1317 1238 et
1351 1169 1463 1237 ius
1492 1168 1732 1264 ipsum
1768 1176 2044 1253 amant,
2077 1186 2215 1234 nec
2245 1178 2352 1234 est
2379 1166 2514 1234 viri
2542 1162 2724 1236 boni

767 1309 1037 1373 errare,
1089 1299 1162 1356 et
1205 1284 1532 1381 diligere,
1581 1282 1782 1381 quod
1823 1307 1955 1381 per
1997 1306 2072 1354 se
2108 1307 2260 1354 non
2301 1285 2393 1355 sit
2425 1281 2731 1381 diligen-

765 1403 976 1476 dum:
1028 1428 1161 1502 per
1202 1429 1280 1476 se
1321 1408 1544 1503 igitur
1585 1408 1694 1475 ius
1726 1416 1835 1473 est
1863 1401 2343 1500 expetendum
2381 1416 2454 1473 et
2484 1402 2724 1474 colen·

767 1521 966 1595 dum.
1065 1522 1285 1614 Quod
1342 1528 1405 1596 si
1464 1527 1609 1613 iuS,
1668 1526 1883 1595 etiam
1949 1524 2217 1593 iustitia
2275 1524 2379 1592 sic
2442 1523 2519 1591 in
2569 1544 2656 1593 ea
2691 1530 2719 1572 ²

770 1641 1090 1740 reliquae
1147 1667 1446 1740 quoque
1499 1646 1800 1713 virtutes
1848 1665 1979 1740 per
2021 1664 2098 1713 se
2146 1638 2485 1712 colendae
2532 1653 2726 1713 sunt.

770 1762 1009 1853 Quid?
1071 1763 1450 1837 liberalitas
1503 1764 1906 1859 gratuitane
1962 1774 2069 1832 est
2102 1782 2195 1832 an
2246 1759 2728 1833 mercenaria?

768 1886 837 1954 Si
876 1886 1030 1954 sine
1066 1886 1388 1981 praemio
1427 1881 1785 1977 benignus
1811 1885 1837 1924 ²
1878 1892 2021 1970 est,
2069 1882 2404 1979 gratuita:
2454 1881 2517 1950 si
2553 1901 2723 1949 cum

769 2000 1131 2093 mercede,
1165 2000 1557 2073 conducta:
1595 2023 1731 2071 nec
1757 2013 1865 2071 est
1897 1997 2206 2073 dubium
2239 2002 2419 2096 quin
2458 2002 2554 2089 is,
2590 2002 2725 2095 qui

770 2120 1081 2194 liberalis
1116 2122 1560 2220 benignusve
1590 2126 1617 2166 ³
1659 2119 1958 2209 dicitur,
1989 2117 2341 2210 officium,
2380 2143 2529 2190 non
2567 2115 2723 2190 fru-

771 2254 970 2313 ctum
1016 2254 1381 2338 sequatur.
1479 2243 1669 2338 Ergo
1716 2238 1967 2313 eadem
2001 2244 2028 2286 ⁴
2071 2242 2343 2313 iustitia
2380 2238 2563 2310 nihil
2599 2262 2724 2311 ex·

770 2363 952 2457 petit
979 2362 1311 2458 praemii,
1342 2358 1524 2431 nihil
1555 2362 1800 2458 pretii:
1829 2383 1963 2456 per
1985 2383 2063 2431 se
2094 2360 2317 2456 igitur
2340 2361 2722 2458 expetitur.

770 2478 1182 2577 Eademque
1231 2482 1559 2552 omnium
1614 2482 1966 2551 virtutum
2026 2500 2237 2550 causa
2287 2492 2509 2575 atque
2559 2502 2727 2551 sen-

773 2603 997 2672 tentia
1028 2614 1156 2671 est.
1225 2602 1465 2696 Atque
1496 2602 1712 2671 etiam
1745 2603 1807 2670 si
1840 2598 2382 2688 emolumentiS‚
2414 2622 2561 2669 non
2580 2623 2730 2671 sua

768 2734 1028 2818 sponte
1054 2730 1082 2768 ⁶
1140 2723 1366 2791 virtus
1425 2722 1819 2818 expetitur,
1882 2743 2028 2791 una
2085 2721 2224 2791 erit
2267 2721 2495 2790 virtus
2539 2742 2731 2814 quae

772 2839 1032 2914 malitia
1094 2843 1489 2912 rectissime
1561 2837 1865 2911 dicetur.
1983 2843 2084 2912 Ut
2148 2841 2342 2910 enim
2409 2842 2724 2936 quisque

772 2965 1076 3034 maxime
1107 2959 1199 3033 ad
1228 2985 1443 3032 suum
1473 2957 1939 3032 commodum
1971 2956 2191 3034 refert
2217 2982 2725 3055 quaecumque

768 3084 950 3178 agit,
991 3084 1087 3152 ita
1127 3083 1422 3151 minime
1459 3095 1567 3151 est
1604 3082 1713 3152 vir
1750 3079 2023 3150 bonus:
2062 3093 2173 3169 ut,
2213 3082 2342 3175 qui
2376 3082 2727 3151 virtutem

769 3201 1090 3296 praemio
1138 3201 1565 3287 metiuntur,
1627 3197 1897 3269 nullam
1944 3201 2295 3270 =virtutem
2342 3202 2484 3270 nisi
2530 3197 2729 3271 mali-

770 3321 944 3389 tiam
996 3329 1273 3416 putent.
1375 3316 1517 3389 Ubi
1568 3320 1759 3390 enim
1807 3316 2213 3409 beneficus»,
2262 3323 2323 3391 si
2365 3344 2583 3412 nemo
2625 3319 2730 3393 al-

768 3440 994 3509 terius
1050 3460 1259 3509 causa
1305 3436 1619 3534 benigne
1670 3434 1888 3510 facit?
1945 3437 2074 3510 ubi
2128 3455 2403 3537 gratu5‚
2464 3443 2525 3511 si
2569 3465 2724 3513 non

771 3584 940 3632 eum
988 3562 1173 3658 ipsiss
1219 3574 1525 3632 cernunt
1573 3563 1787 3657 grati,
1837 3564 1958 3632 cui
2002 3558 2326 3633 referunt
2372 3561 2729 3659 gratiam?

769 3682 902 3754 ubi
945 3680 1064 3752 illa
1110 3695 1353 3753 sancta
1394 3683 1731 3771 amicitia,
1781 3684 1844 3751 si
1895 3705 2045 3753 non
2090 3685 2243 3781 ipse
2281 3686 2552 3755 amicus
2590 3706 2726 3781 per

770 3826 848 3876 se
904 3814 1188 3874 amatur
1238 3814 1398 3874 toto
1450 3815 1775 3899 pectore,
1832 3814 1917 3872 ut
1963 3799 2270 3873 dicitur?
2319 3803 2450 3899 qui
2505 3806 2725 3875 etiam

831 4103 852 4141 ¹
887 4118 990 4153 om.
1018 4100 1077 4149 in
1103 4114 1183 4150 en.
1267 4100 1290 4136 ²
1326 4098 1573 4168 benigna.
1663 4104 1685 4138 ⁸
1723 4101 2104 4169 benignusque.
2190 4103 2216 4140 ὁ
2246 4101 2395 4152 item.
2484 4104 2508 4140 ⁸
2544 4111 2727 4172 unpte

759 4195 955 4238 natura.
1025 4187 1049 4221 ⁸
1087 4183 1276 4250 ipsum.
