3131 5032
1090 413 1235 482 Lm.
1279 414 1414 500 111,
1470 419 1583 501 13,
1630 418 1740 486 30.
2262 422 2388 486 633

521 629 577 679 et
606 618 666 678 ei
690 639 862 699 quem
886 617 1103 700 olium)
1180 621 1353 697 Quod
1384 622 1568 701 vulgo
1588 617 1858 701 suppleri
1880 622 2027 682 solet
2039 666 2059 697 ,
2078 623 2368 702 praeter-ii
2379 667 2398 698 ‚

438 730 602 800 certe
667 721 971 782 soloecum
1032 731 1146 801 θεὶς
1218 725 1645 803 requirebatur
1704 726 1869 785 euim
1935 724 2395 784 Coniunctivus:

436 825 540 886 sed
591 834 712 885 tam
759 826 826 884 in
872 825 970 886 hia
1005 827 1257 890 verbnm
1290 828 1490 888 omitti
1521 837 1783 908 poterat,
1831 846 2015 907 quam
2045 828 2108 886 in
2148 828 2302 904 inis,
2335 839 2402 887 tu

436 948 573 988 vero
626 940 683 988 et
729 930 932 989 istum.

517 1032 675 1109 quod
720 1033 782 1091 ei
827 1042 914 1092 est
929 1077 948 1108 ,
1005 1043 1267 1092 tammus
1311 1030 1537 1113 omnia)
1617 1033 1690 1093 In
1724 1032 2075 1094 melioribus
2104 1044 2190 1094 est
2217 1032 2402 1093 omit·

435 1132 621 1209 titur,
679 1133 744 1192 in
775 1132 996 1195 Ambr.
1017 1135 1076 1209 β.
1109 1134 1510 1214 interpolatur
1543 1136 1760 1212 etiam,
1795 1139 1857 1196 ei
1889 1148 1975 1196 eat
1998 1138 2089 1196 sic
2120 1141 2402 1210 tenemus.

435 1235 784 1314 Legendum
819 1236 979 1296 mihi
1010 1236 1257 1297 videtur
1273 1283 1292 1313 ,
1333 1238 1548 1299 iterato
1577 1238 1792 1313 verbo,
1832 1238 1990 1317 quod
2020 1239 2080 1297 si
2109 1248 2369 1297 tenemus
2383 1281 2402 1312 ,

432 1346 694 1399 unumne
744 1335 984 1397 omm'a:
1042 1357 1179 1397 nam
1235 1339 1438 1399 minus
1484 1347 1651 1400 recte
1685 1340 1869 1400 etiam
1902 1338 2129 1399 dicitur
2163 1339 2319 1418 quod
2346 1338 2405 1398 εἰ

436 1451 523 1499 eat
539 1484 558 1514 ,
597 1439 820 1517 quibua
853 1437 1173 1517 significari
1206 1438 1354 1499 solet
1388 1464 1419 1497 a
1438 1440 1489 1499 ai
1525 1459 1741 1499 verum
1776 1443 1921 1500 eet.''

516 1553 584 1602 ut
633 1543 791 1601 enim
842 1542 1273 1622 cupiditatibus
1317 1540 1421 1622 -)
1512 1540 1676 1600 Dixit
1721 1540 1887 1599 idem
1920 1539 2061 1620 quia
2091 1540 2258 1600 non?
2299 1539 2405 1599 aed

435 1663 617 1703 nemo
671 1644 860 1722 magia
913 1651 1187 1718 contorte
1229 1661 1414 1723 quam
1457 1642 1692 1703 Tacitus
1738 1643 1896 1703 Anu.
1927 1642 2019 1701 111
2039 1688 2057 1718 ‚
2099 1641 2178 1702 53
2198 1685 2216 1715 ‚
2253 1652 2406 1700 mccc

431 1749 733 1824 foetorum
789 1747 913 1805 eibi
964 1747 1214 1824 quisque
1274 1748 1538 1828 gratiam
1606 1746 1877 1821 trahunt,
1930 1746 2116 1805 unius
2166 1744 2407 1805 invidia
2518 1753 2529 1762 '

436 1850 514 1909 ab
554 1849 825 1908 omnibu
857 1860 1157 1928 peccatur.

513 1952 589 2013 L.
623 1947 934 2030 Lucullus)
1010 1950 1097 2010 De
1143 1950 1326 2010 huius
1366 1950 1615 2013 luxuria
1662 1952 1824 2013 Cort.
1861 1950 1938 2011 ad
1974 1949 2189 2011 Salust.
2229 1949 2402 2009 Catil.

436 2054 607 2129 xlll,
643 2055 697 2114 l.
734 2053 927 2114 Beier.
958 2054 1037 2112 ad
1066 2053 1228 2114 offic.
1260 2053 1322 2129 l,
1352 2053 1465 2130 39,
1499 2053 1634 2114 140.
1719 2052 1793 2112 ln
1823 2051 2133 2113 Plutarchi
2163 2052 2400 2113 Lucull.

435 2175 498 2236 p.
536 2156 692 2218 51&
708 2155 773 2215 D·
793 2157 981 2216 miror
1008 2175 1044 2215 a
1072 2155 1533 2234 diligentissimo
1559 2154 1881 2215 Schaefero
1908 2153 2251 2233 neglectam
2280 2172 2405 2213 esse

440 2256 780 2337 elegantem
830 2256 1183 2317 Ruhnkeuii
1236 2257 1674 2318 correctionem
1696 2302 1715 2333 ‚
1770 2256 2073 2336 proditam
2123 2255 2200 2316 ad
2252 2254 2404 2318 Vell.

441 2360 567 2420 Pat.
605 2359 701 2434 11,
742 2360 840 2420 33.
880 2359 984 2420 fin.
1067 2360 1303 2434 Quanto
1336 2379 1633 2420 consensu
1666 2366 1878 2419 auctor
1901 2359 2143 2418 habitus
2168 2359 2246 2416 ait
2278 2359 2408 2419 eius

431 2463 750 2537 luxuriae,
778 2481 937 2542 quae
973 2469 1034 2522 et
1068 2469 1200 2522 tum
1231 2468 1292 2522 et
1326 2461 1531 2540 paullo
1563 2468 1696 2541 poet
1727 2459 2020 2534 invaluit,
2049 2467 2296 2538 apparet
2332 2480 2407 2521 ex

437 2567 672 2628 Nicolai
714 2564 1062 2625 Damasceni
1082 2610 1099 2640 ,
1140 2565 1250 2643 qui
1303 2565 1417 2624 sub
1453 2564 1726 2642 Augusto
1762 2562 1949 2639 vixit,
2007 2561 2238 2622 iudicio
2269 2582 2408 2624 con·

436 2672 701 2750 spirante
731 2688 877 2729 cum
906 2666 1167 2743 Vellei03
1206 2666 1365 2727 conf.
1394 2666 1737 2725 Athenaeus
1755 2663 1857 2725 vl.
1886 2685 1947 2744 p.
1978 2664 2117 2726 274.
2145 2665 2207 2725 F.
2288 2664 2406 2725 Sed

436 2774 672 2836 obiecta
728 2771 985 2832 Lucullo
1036 2770 1214 2830 villae
1264 2769 1635 2829 Tusculanae
1669 2768 2113 2846 magnificentia
2147 2767 2267 2827 fuit
2300 2787 2409 2846 per

437 2877 798 2950 Gabinium,
834 2894 1029 2954 quum
1073 2872 1215 2933 trib.
1246 2872 1330 2950 pl.
1362 2871 1569 2950 legem
1595 2870 1673 2930 de
1706 2871 1853 2930 belli
1886 2871 2126 2948 piratici
2154 2871 2409 2948 imperio

436 2979 638 3039 serens
690 2975 960 3052 Pompeii
1007 2974 1434 3034 abstinentiam
1489 2972 1731 3033 Luculli
1784 2972 2064 3032 luxuriae
2104 2991 2409 3052 opponere

436 3081 661 3142 voluit:
722 3077 884 3139 conf.
933 3079 1099 3137 Sext.
1150 3077 1267 3153 4³,
1325 3076 1427 3138 93.
1507 3077 1605 3137 Ab
1659 3077 1787 3136 illa'
1816 3077 1960 3137 villa
2011 3076 2245 3138 diversa
2277 3084 2408 3138 erat

434 3185 555 3246 alia
618 3182 898 3258 Luculli,
958 3180 1125 3260 apud
1186 3180 1469 3257 Misenus,
1528 3198 1690 3259 quae
1748 3179 1895 3238 olim
1948 3178 2119 3238 Marii
2169 3180 2406 3256 suerat,

429 3307 742 3369 quamque
776 3284 1015 3364 ingenti
1052 3283 1250 3364 pretio
1280 3283 1576 3344 Lucullus
1608 3289 1869 3343 emerat:
1913 3280 2074 3341 cons.
2101 3280 2405 3344 Plutarch.

361 3391 366 3397 ’
425 3389 617 3450 lario
664 3408 727 3469 p.
765 3387 907 3448 425.
942 3386 1028 3447 A:
1072 3385 1477 3466 eamdemque
1517 3392 1654 3465 poet
1701 3383 1897 3444 tenuit
1931 3382 2237 3444 Tiberius:
2279 3386 2404 3448 vid.

427 3493 670 3553 Tacitus
709 3495 869 3551 Anu.
911 3489 991 3549 vl
1011 3535 1030 3565 ‚
1072 3488 1171 3550 50.

501 3595 817 3677 serebatur
848 3595 1026 3674 qnasi
1057 3593 1522 3654 commodissime
1547 3587 1960 3672 παρατιθέασι)
2036 3591 2410 3672 Effer-ebatur

436 3698 502 3757 in
555 3696 731 3756 nullo
782 3714 1058 3756 meorum
1109 3696 1408 3756 librorum
1462 3703 1586 3770 est,
1628 3713 1758 3754 exc.
1794 3694 2033 3777 Lagom.
2076 3694 2210 3756 124.
2253 3696 2401 3759 126:

429 3799 603 3880 quod
634 3808 833 3858 tamen
864 3819 1066 3877 neque
1084 3844 1099 3873 ,
1141 3809 1209 3859 ut
1242 3800 1523 3860 Erneatus
1551 3798 1826 3879 putabat,
1868 3799 1985 3858 erit
2013 3819 2123 3878 pro
2157 3823 2187 3858 a
2207 3801 2403 3879 place·

439 3903 591 3962 »bat
642 3902 827 3975 aibi‚’'
883 3920 1083 3981 neque
1127 3901 1438 3961 laudatum
1491 3901 1812 3961 Lucullum
1845 3909 2092 3980 propter
2118 3902 2275 3961 illud
2313 3923 2403 3962 re·

435 4026 716 4086 sponsum
767 4005 952 4065 suinae
997 4005 1254 4067 concedi
1287 4013 1500 4085 potest.
1579 4006 1695 4065 Sed
1716 4051 1733 4081 ,
1753 4005 2069 4086 serebatur
2099 4008 2275 4084 quasi
2308 4027 2402 4066 re·-

433 4110 762 4191 epondinet
807 4114 897 4169 cst
946 4129 1056 4189 pro
1091 4110 1410 4191 serebatur
1434 4110 1797 4190 respondi-ue
1815 4152 1835 4182 ‚
1875 4108 1917 4168 i.
1955 4124 2009 4168 e.
2044 4108 2403 4170 narrabatur
