3131 5032
1329 491 1426 568 77

405 708 607 809 quod
638 723 710 780 te
737 704 1212 807 interpellavi,
1244 710 1593 804 quoniam
1620 706 1957 804 quidem²
1993 721 2140 781 tam
2168 731 2369 808 prae-

407 831 680 904 clarum
719 829 902 901 mihi
938 826 1200 901 dedisti
1230 826 1480 903 iudicii
1513 832 1623 900 tui
1649 833 2166 903 testimonium.
2229 829 2368 902 Sed

406 976 657 1051 perge,
692 965 776 1022 ut
814 973 1174 1049 coeperas.

499 1075 602 1149 Μ.
662 1069 1069 1142 Laudemus
1117 1072 1341 1166 igitur
1387 1072 1590 1167 prius
1636 1068 1866 1168 legem
1920 1074 2145 1169 ipsam
2182 1071 2368 1140 veris
2435 1065 2497 1120 ²·

409 1204 483 1263 et
517 1192 833 1289 propriis
869 1192 1153 1285 generis
1191 1187 1695 1270 suilaudibus
1795 1195 1939 1265 Att.
1989 1194 2170 1262 Sane
2213 1191 2375 1286 qui-

410 1309 612 1399 dem,
651 1312 836 1380 sicut
872 1306 965 1380 de
1007 1307 1438 1405 religionum
1474 1307 1630 1406 lege
1667 1308 1918 1380 fecisti.
2024 1312 2121 1380 M.
2161 1308 2373 1381 Vide·

413 1434 502 1500 tis
549 1432 774 1525 igitur
825 1431 1281 1526 magist-ratus
1331 1427 1521 1500 hanc
1557 1453 1714 1501 esse
1745 1432 1921 1519 vim,
1954 1441 2038 1500 ut
2074 1432 2370 1529 praesit,

412 1547 996 1648 praescribatque
1053 1561 1246 1620 recta
1303 1562 1380 1619 et
1425 1547 1630 1620 utilia
1667 1563 1740 1620 et
1776 1553 2164 1622 coniuncta
2203 1572 2372 1620 cum

413 1667 714 1765 legibuS.
772 1672 872 1738 Ut
906 1671 1112 1739 enim·
1138 1666 1672 1764 magistratibus
1708 1668 1933 1766 legeS,
1963 1672 2063 1739 ita
2100 1666 2373 1767 populo

414 1799 758 1886 praesunt
795 1790 1281 1884 magistratus:
1332 1809 1645 1883 vereque
1684 1786 1826 1858 dici
1864 1801 2105 1887 potest
2130 1794 2191 1877 ²,
2225 1811 2375 1859 ma·

412 1908 789 2001 gistratum
847 1904 1080 2002 legem
1137 1927 1290 1975 esse
1348 1902 1800 2000 loquentem,
1859 1903 2090 2001 legem
2128 1919 2373 1977 autem

415 2030 699 2096 mutum
733 2028 1247 2123 magistratum.
1311 2022 1507 2097 Nihil
1538 2048 1761 2121 porro
1802 2038 1947 2095 tam
1981 2039 2233 2123 aptum
2266 2035 2373 2098 est
2442 2041 2503 2093 8.

412 2144 506 2217 ad
569 2148 684 2216 ius
739 2143 1379 2240 conditionemque
1447 2156 1777 2232 naturae,
1838 2142 2070 2241 (quod
2141 2168 2374 2242 quum

413 2263 610 2355 dicu,
649 2264 883 2363 legem
914 2289 959 2336 a
988 2286 1107 2335 me
1144 2262 1335 2335 dici³
1385 2262 1685 2360 intelligi
1722 2262 1885 2336 volo
1898 2264 1946 2353 ,δ
1986 2287 2204 2360 quam
2242 2268 2375 2337 im·-

417 2389 738 2485 perium,
795 2388 949 2456 sine
1011 2407 1160 2481 quo
1222 2406 1358 2454 nec
1407 2381 1671 2454 domus
1716 2381 1888 2473 ulla,
1928 2407 2065 2455 nec
2097 2387 2374 2476 civitas,

418 2530 555 2578 nec
592 2530 802 2604 genS,
845 2529 981 2577 nec
1025 2502 1409 2577 hominum
1441 2505 1862 2575 universum
1897 2527 2125 2604 genus
2158 2518 2376 2597 stare,

417 2650 557 2699 nec
599 2651 841 2699 rerum
876 2639 1130 2699 natura
1178 2625 1449 2712 omniS,
1497 2647 1634 2695 nec
1666 2627 1820 2724 ipse
1860 2624 2178 2696 mundus
2213 2639 2373 2725 pot-

415 2761 569 2820 est:
624 2771 787 2819 nam
849 2759 924 2818 et
981 2745 1105 2816 hic
1160 2743 1301 2815 deo
1358 2757 1593 2842 paret,
1657 2757 1730 2816 et
1789 2744 1963 2816 huic
2021 2743 2377 2816 obediunt

419 2868 646 2938 maria
685 2880 1095 2962 terraeque,
1147 2877 1221 2935 et
1271 2861 1656 2934 hominum
1698 2867 1840 2936 vita
1887 2867 2096 2935 iussis
2131 2889 2381 2964 supre-

415 3009 584 3058 mae
632 2985 812 3083 legis
848 2982 1323 3084 obtemperat.
1435 2986 1674 3078 Atque
1722 2995 1802 3053 ut
1845 2980 1934 3053 ad
1984 2981 2162 3053 haec
2204 2986 2377 3054 cite-
2443 2987 2518 3044 11·

417 3111 610 3179 riora
662 3108 941 3178 veniam
999 3117 1071 3176 et
1130 3106 1416 3175 notiora
1462 3102 1708 3191 nobis»,
1746 3126 2000 3173 omnes
2035 3105 2378 3200 antiquae
2448 3058 2507 3114 ι’

417 3241 666 3324 gentes
702 3225 991 3321 regibus
1022 3222 1392 3320 quondam
1427 3235 1846 3322 paruerunt.
1899 3220 2114 3313 Quod
2148 3247 2379 3320 genus

417 3347 701 3444 imperii
731 3345 1047 3441 primum
1076 3340 1166 3412 ad
1192 3340 1526 3411 homines
1550 3344 1978 3412 iustissimos
2008 3355 2079 3414 et
2102 3346 2381 3442 sapien·

421 3467 731 3536 tissimos
771 3459 1258 3549 deferebatur3
1316 3460 1538 3557 idque
1585 3465 1657 3531 in
1704 3486 1779 3532 re
1814 3460 2101 3560 publica
2134 3480 2381 3538 nostra

419 3585 723 3654 maxime
760 3579 1014 3669 valuit,
1052 3579 1296 3677 quoad
1324 3583 1389 3651 ei
1422 3580 1676 3678 regalis
1703 3595 2016 3678 potestas
2041 3581 2380 3681 praefuit:

417 3701 681 3774 deinde
714 3704 929 3772 etiam
962 3698 1303 3799 deinceps
1338 3703 1643 3799 posteris
1672 3699 2148 3798 prodebatur:
2179 3704 2383 3799 quod

419 3838 494 3894 et
532 3825 609 3891 in
649 3820 762 3891 his
796 3823 1043 3909 etiam,
1078 3822 1204 3915 qui
1245 3843 1444 3890 nunc
1478 3832 1814 3915 regnant,
1856 3821 2116 3892 manet.
2204 3825 2385 3913 Qui·—

423 3940 563 4012 hus
595 3952 844 4012 autem
877 3942 1067 4036 regia
1107 3951 1423 4037 potestas
1458 3963 1607 4009 non
1643 3938 1946 4037 placuit,
1995 3964 2144 4013 non
2178 3944 2226 4011 ii
2263 3966 2386 4013 ne-

491 4214 505 4249 ⁸
539 4206 991 4280 quandoquidem.
1061 4208 1086 4244 ²
1123 4224 1227 4259 om.
1262 4215 1447 4277 potest.
1519 4208 1542 4244 ³
1579 4205 1683 4257 diei
1705 4242 1722 4268 ,
1761 4204 1897 4256 nihss
1933 4205 2099 4257 aliud.
