3131 5032
755 420 888 488 552
1416 414 1559 483 Lm.
1605 415 1704 500 11,
1759 416 1871 499 19,
1922 419 2027 486 48.

746 626 860 705 ligi
906 625 1085 704 plura
1140 641 1297 703 quae
1350 624 1416 682 in
1467 641 1539 682 ea
1596 642 1693 697 re,
1760 620 2117 681 Pontificum
2180 624 2536 685 anctoritate
2551 669 2571 703 ,
2629 627 2699 687 in

744 730 995 808 singulis
1041 746 1354 789 causarum
1391 725 1715 805 generibus
1745 733 1937 786 essent
1980 725 2298 786 constituta
2316 772 2334 802 ,
2371 739 2436 787 ut
2455 774 2473 804 ,
2512 749 2583 788 ne
2615 763 2699 775 —

742 852 1038 892 sacrorum
1086 832 1366 890 memoria
1411 830 1731 904 occideret,
1773 830 1857 887 iis
1885 841 2073 887 essent
2096 853 2207 887 ——.·
2247 830 2521 890 nondum
2546 831 2699 893 hace

740 934 1051 995 continent
1083 935 1218 992 iura
1237 977 1256 1007 ‚
1297 930 1401 991 sed
1437 930 1846 1009 principium,
1886 939 2103 1010 caput,
2144 931 2309 992 unde
2339 934 2474 994 iura
2509 944 2699 995 essent

735 1035 1184 1098 constituenda:
1243 1054 1432 1114 quare
1480 1034 1799 1094 subiicitur
1815 1078 1834 1110 ‚
1891 1033 1999 1093 Ιιοο
2033 1054 2152 1093 uno
2174 1037 2397 1115 posito.
2479 1036 2659 1098 Porro
2675 1085 2696 1114 ‚

735 1160 898 1201 sacra
949 1140 1204 1219 adiungi
1254 1136 1602 1197 hominihus
1658 1156 1781 1196 non
1834 1136 2015 1195 nimis
2065 1138 2304 1216 placere
2358 1138 2542 1214 dicit,
2593 1141 2699 1201 sed

740 1244 938 1303 nullas
986 1242 1168 1302 huius
1219 1239 1443 1300 fastidii
1495 1241 1757 1300 rationes
1806 1259 1876 1299 ex
1883 1240 2084 1316 plicat.
2165 1241 2460 1300 Dicuntur
2495 1250 2695 1304 tamen

732 1368 905 1408 soora
956 1367 1088 1406 cum
1129 1346 1395 1424 pecunia
1446 1345 1771 1424 coniungi,
1830 1341 1970 1422 Cap.
2014 1343 2133 1419 21,
2181 1343 2297 1421 52,
2336 1344 2497 1422 quod
2535 1346 2696 1405 nihil

732 1446 901 1509 aliud
951 1455 1037 1506 est
1056 1492 1074 1522 ,
1125 1465 1340 1525 quam,
1392 1444 1556 1525 quod
1598 1444 1661 1505 h.
1699 1444 1741 1506 l.
1780 1444 2041 1520 dicitur,
2081 1467 2252 1505 sacra
2285 1447 2538 1528 adiungi
2574 1449 2693 1525 iis,

734 1551 814 1611 ad
856 1570 1000 1630 quos
1034 1551 1298 1630 pecunia
1351 1550 1585 1608 veniae:
1646 1546 1991 1627 diciturque
2042 1549 2389 1609 adiunctum
2428 1571 2548 1609 esee
2565 1595 2585 1626 ,
2625 1559 2697 1611 ut

731 1654 1077 1733 impositum
1116 1672 1275 1729 esse,
1318 1650 1485 1711 velut
1531 1649 1795 1710 officium
1831 1651 2079 1732 (pietati
2113 1652 2499 1728 adiunctum,
2536 1652 2694 1712 infra

728 1757 867 1836 Cap.
901 1756 1000 1816 21.
1038 1754 1168 1835 fin.)
1249 1756 1535 1834 Sequitur
1571 1754 1958 1833 reprehensio
2000 1754 2438 1816 consecutionis
2468 1762 2693 1836 tempo·

723 1880 861 1920 rum
877 1906 897 1936 ‚
938 1870 1248 1921 consecuto
1291 1870 1462 1932 sum,
1503 1870 1571 1918 ut
1605 1892 1684 1904 —-
1717 1869 1937 1933 essent,
1980 1858 2058 1917 ad
2094 1879 2236 1938 quos
2278 1860 2501 1918 venerit
2519 1904 2539 1935 ‚
2577 1878 2689 1938 pro

726 1967 997 2024 venisset.
1078 1962 1193 2023 Sed
1226 1962 1515 2022 facillima
1548 1962 1842 2022 correctio
1879 1970 1966 2021 est
1999 1964 2247 2021 veniret:
2288 1980 2493 2040 neque
2524 1962 2693 2025 enim

721 2065 1054 2126 necessario
1100 2064 1437 2144 perfectum
1486 2062 1616 2146 (aut
1670 2063 1728 2141 pl
1737 2063 2070 2143 usquampt'.
2113 2074 2358 2144 propter
2395 2040 2693 2147 syntaxim)

720 2169 1092 2248 requiritur,
1147 2166 1253 2225 sed
1300 2186 1577 2244 praesens
1617 2165 1748 2247 (aut
1791 2165 2057 2247 impers.)
2087 2167 2461 2228 coniunctivi
2478 2214 2497 2244 ‚
2537 2170 2693 2229 sient

725 2272 868 2333 mox
922 2273 1156 2352 capiat,
1212 2282 1414 2330 servet.
1513 2268 1697 2329 Porro
1733 2289 1855 2329 non
1888 2272 2113 2350 optime
2145 2271 2268 2331 dici
2298 2280 2508 2350 putat,
2548 2273 2693 2334 kase

721 2375 860 2433 iuro
915 2383 1224 2433 consecuta
1277 2383 1414 2431 sum
1431 2417 1450 2447 ,
1509 2391 1623 2450 pro
1668 2375 1986 2433 constituta
2002 2398 2025 2433 .·
2074 2382 2281 2434 contra
2323 2382 2489 2434 recte
2521 2396 2694 2436 soom

718 2474 880 2558 (vult
926 2476 1092 2536 enim
1145 2474 1261 2536 hoc
1314 2482 1685 2554 postremum
1736 2476 2099 2538 vocabulum
2131 2477 2322 2556 priori
2359 2479 2693 2540 sententiae

719 2580 989 2641 ablatum
1039 2580 1163 2639 huc
1217 2576 1550 2657 transferri)
1593 2580 1948 2659 pontt-'ficum
1983 2584 2333 2642 auctoritate
2377 2582 2515 2642 haec
2550 2584 2695 2642 iura

722 2693 1032 2744 consecuto
1059 2693 1216 2742 sunt.
1299 2680 1421 2759 Ego
1451 2701 1574 2741 non
1605 2691 1755 2760 puto
1784 2692 1949 2743 recte
1973 2704 2144 2745 sacra
2173 2685 2299 2745 dici
2327 2688 2459 2745 iura
2491 2705 2694 2745 conse-

722 2789 831 2867 qui
847 2809 862 2845 ε
894 2795 956 2846 et
983 2786 1049 2845 in
1081 2787 1320 2863 vulgata
1352 2784 1642 2859 lectione,
1686 2798 1993 2846 consecuta
2026 2798 2194 2862 sunt,
2231 2787 2384 2847 mihi
2421 2787 2694 2849 absolute

716 2888 977 2968 positum
1001 2887 1278 2964 videtur,
1313 2897 1374 2947 et
1409 2908 1531 2947 esse
1568 2908 1677 2966 pro
1715 2897 1874 2962 orta,
1914 2897 2049 2948 nata
2087 2897 2244 2948 sunt.
2278 2922 2360 2934 —-
2395 2890 2690 2970 Moserus,

718 3011 933 3072 pravos
958 2992 1141 3051 libros
1168 2997 1439 3065 secutus,
1458 3011 1778 3070 perperam
1798 2990 2068 3052 ediderat
2089 3004 2145 3052 et
2173 2995 2255 3051 iis
2275 3004 2421 3053 esset
2438 3016 2508 3054 ea
2529 2994 2652 3055 odi.
2668 3020 2692 3054 .-

720 3093 824 3155 sed
856 3093 1082 3153 labitur
1122 3113 1397 3173 quoque,
1433 3096 1712 3154 iniuncta
1758 3115 1952 3172 quum
1998 3094 2286 3173 praefert.
2320 3128 2402 3141 —
2439 3097 2522 3157 De
2556 3118 2694 3176 pro-

720 3197 931 3258 verbio
959 3217 1035 3257 ex
1069 3196 1176 3258 illo
1210 3197 1347 3256 iure
1374 3204 1504 3257 orto
1523 3243 1541 3272 ‚
1574 3197 1734 3258 conf.
1769 3197 2104 3258 Gronovius
2121 3198 2280 3260 Lect.
2301 3199 2489 3260 Plaut.
2507 3221 2565 3279 p.
2586 3201 2694 3263 77.

801 3301 882 3361 ad
916 3302 1314 3382 cognitionem
1340 3297 1720 3381 discipunae)
1799 3300 1849 3360 1.
1886 3320 1940 3360 e.
1980 3301 2055 3360 ad
2096 3302 2548 3380 perdiscendam
2584 3302 2695 3363 di-

722 3406 1072 3486 sciplinam:
1133 3405 1309 3464 sicuti
1360 3403 1540 3465 modo
1550 3450 1569 3479 ‚
1629 3405 1785 3484 quod
1806 3407 2071 3485 positum
2100 3416 2186 3464 est
2221 3408 2290 3464 in
2318 3426 2435 3465 m
2472 3409 2695 3488 cogni-

723 3511 921 3586 tione,
985 3509 1027 3570 i.
1084 3529 1137 3568 e.
1198 3509 1261 3567 in
1311 3508 1497 3568 unius
1544 3508 1834 3586 principii
1881 3508 2176 3586 generalis
2213 3509 2571 3587 cognitione.
2604 3541 2698 3557 —

718 3610 849 3671 Mox
869 3658 887 3688 ,
940 3623 1306 3691 quaeruntur
1352 3611 1627 3670 laborare
1679 3617 1828 3689 puto
1880 3611 2300 3671 terminatione
2336 3613 2586 3691 passivi,
2626 3620 2695 3673 et

717 3714 949 3794 requiri
1002 3724 1291 3793 quaerunt
1342 3733 1422 3773 sc.
1479 3712 1614 3773 Icti.
1674 3746 1754 3758 —-
1808 3714 2143 3795 Emigrarit
2187 3734 2327 3775 sane
2372 3716 2585 3792 optimi
2629 3723 2695 3775 et

715 3818 923 3899 plures
971 3824 1210 3876 servant
1261 3816 1438 3875 libri:
1502 3824 1711 3876 contra
1765 3823 1882 3876 tres
1930 3818 2075 3878 honi
2117 3817 2344 3878 habent
2384 3821 2661 3900 migrarit
2672 3865 2695 3895 ,

716 3921 881 4004 quod
911 3918 1317 3983 revocandum
1353 3939 1569 3979 censeo
1579 3966 1597 3995 ‚
1632 3918 1969 3999 eodemque
2001 3921 2236 3981 ducunt
2266 3921 2307 3979 C
2328 3921 2405 3979 E:
2450 3941 2589 3980 nam
2622 3931 2691 3982 et

714 4026 876 4087 infra
908 4027 1047 4104 Cap.
1082 4023 1197 4098 22,
1243 4027 1359 4101 55,
1400 4022 1654 4102 simplex
1704 4030 1791 4084 est
1840 4024 2095 4085 verbum
2115 4070 2134 4099 ,
2175 4045 2288 4085 nec
2323 4025 2478 4086 ratio
2511 4024 2692 4088 reddi

714 4136 905 4209 potest
944 4127 1273 4206 compositi.
