3131 5032
1138 444 1279 513 Lm.
1329 445 1424 532 ιι,
1475 451 1553 530 6,
1614 449 1710 515 ιι.
2273 452 2398 520 487

430 650 651 712 omnia.
744 651 862 713 Sed
906 651 1142 712 dubitat
1181 651 1406 714 Duker.
1443 653 1523 714 ad
1556 653 1712 716 Flor.
1745 655 1872 731 111,
1913 654 1994 715 20
2011 702 2030 732 ,
2070 656 2110 716 3
2127 702 2145 733 ,
2186 666 2396 718 utrum

427 775 548 815 non
598 756 765 816 modo
815 756 901 816 sic
946 756 1091 836 poni
1137 756 1320 835 possit
1365 757 1548 818 etiam
1596 779 1724 822 non
1764 768 2054 840 sequente
2100 763 2395 841 particula

427 859 724 938 negativa.
824 859 983 920 Flori
1048 859 1233 921 verba
1291 860 1444 922 haec
1495 871 1665 922 sunt:
1725 883 1846 923 non
1896 865 2063 923 modo
2116 867 2395 947 effugisse

431 964 726 1039 contenti,
780 965 905 1022 iam
938 962 1244 1023 vindicari
1280 964 1549 1024 volebant
1567 1010 1585 1040 ‚
1626 966 1670 1025 i.
1704 985 1758 1026 e.
1797 964 2084 1044 effugisse·
2103 988 2226 1027 non
2256 987 2398 1027 con·

427 1067 600 1126 tenti.
683 1065 798 1125 Sed
823 1066 1226 1126 dubitandum
1257 1066 1396 1127 ideo
1428 1088 1553 1128 non
1585 1076 1741 1143 erat,
1776 1070 2062 1147 quoniam
2098 1079 2397 1154 postrema

426 1169 759 1229 sententiae
817 1189 954 1249 pars
1015 1170 1082 1229 in
1141 1170 1525 1248 negationem
1580 1171 1931 1234 resolvenda
1978 1181 2096 1231 est:
2156 1172 2242 1233 ita
2289 1173 2396 1233 illa

425 1272 552 1331 iam
577 1303 659 1317 —
691 1273 960 1333 volebant
984 1275 1297 1334 continent
1328 1274 1485 1333 hanc
1518 1276 1903 1352 senteutiam,
1938 1296 2011 1335 ne
2045 1277 2230 1335 inulti
2260 1279 2392 1356 qui·

424 1373 555 1434 dem
595 1396 716 1435 esee
747 1375 1037 1437 volebant.
1118 1375 1264 1434 Late
1301 1383 1465 1452 patet
1502 1376 1751 1435 omnino
1789 1376 1892 1435 illa
1927 1377 2080 1437 ratio
2116 1378 2395 1455 negatio-

423 1477 521 1538 nis
572 1478 1006 1556 intelligendae
1058 1497 1133 1537 ex
1182 1485 1345 1537 certa
1395 1477 1590 1537 forma
1640 1478 2096 1539 enunciationis.
2188 1479 2391 1542 Plane.

423 1579 542 1656 35,
598 1579 713 1657 86,
766 1581 869 1641 sed
914 1582 1057 1641 haec
1107 1593 1245 1640 sum
1297 1582 1558 1639 leviora.-
1616 1581 1724 1641 illa
1774 1602 1909 1640 vero
1956 1584 2271 1663 graviora.-
2325 1584 2391 1642 in

423 1683 649 1763 quibus
687 1685 911 1745 leviora
955 1684 1001 1744 i.
1036 1703 1096 1762 q.
1135 1682 1334 1743 minus
1378 1684 1618 1762 gravia,
1660 1684 1709 1742 si
1745 1685 2039 1744 constabit
2071 1685 2184 1744 sibi
2219 1704 2390 1746 com-

420 1788 682 1867 paratio:
740 1786 900 1848 conf.
955 1787 1220 1847 Mul-aen.
1278 1786 1388 1861 19,
1447 1787 1608 1847 init:
1667 1786 1745 1845 ad
1794 1786 1925 1848 niv.
1981 1786 2098 1863 vl,
2155 1787 2264 1864 10,
2320 1789 2392 1864 5,

422 1891 800 1970 quotidieque
835 1890 1072 1970 aliquid
1101 1890 1187 1970 fle
1232 1890 1424 1948 lenius
1471 1901 1526 1948 et
1561 1891 1896 1966 liberalius,
1937 1912 2115 1970 quam
2151 1891 2392 1951 timeba-

418 2013 585 2053 mus.-
628 1993 883 2053 verbum
934 1994 1136 2052 timere
1184 1992 1441 2070 postulat
1496 2001 1563 2052 ut
1607 1993 1714 2052 illa
1748 1992 2160 2071 intelligamus
2193 1996 2393 2054 minue

418 2094 631 2155 aarum
664 2105 719 2154 et
752 2095 952 2153 minue
978 2093 1307 2174 superbum.
1390 2093 1686 2172 Attigerat
1720 2095 1863 2154 talia
1898 2096 2018 2154 iam
2055 2095 2392 2175 Stephanus

418 2197 779 2257 Schediasm.
818 2196 914 2271 11,
955 2195 1056 2257 22.
1137 2196 1363 2256 Rursus
1407 2216 1484 2256 ex
1533 2198 1853 2276 negatione
1898 2199 1962 2257 in
1997 2199 2183 2260 altera
2216 2208 2389 2279 parte

420 2300 752 2360 sententiae
804 2297 1227 2358 affirmativum
1279 2299 1711 2377 cogitandum,
1763 2310 1832 2361 ut
1874 2302 2042 2363 Brut.
2080 2303 2192 2379 34,
2238 2304 2391 2380 130,

420 2404 535 2460 otei
559 2420 681 2459 non
715 2401 910 2459 deerat
934 2402 1001 2456 in
1032 2402 1259 2473 causis,
1295 2413 1491 2459 tamen
1518 2404 1586 2460 id
1612 2423 1731 2459 non
1756 2425 1925 2483 saepe
1946 2407 2257 2485 faciebat.-
2289 2407 2390 2484 id,

417 2501 462 2565 i.
495 2522 550 2564 e.
586 2501 790 2563 adesse
824 2501 890 2560 in
923 2500 1147 2574 causis,
1182 2507 1243 2559 et
1274 2500 1479 2561 dicere
1517 2501 1582 2561 in
1614 2500 1864 2563 iudicio.

494 2606 539 2690 §
583 2605 680 2667 14.
762 2606 967 2685 Iqitur
1009 2602 1228 2685 Titiae)
1307 2603 1638 2664 Probabilis
1681 2611 1768 2663 est
1814 2607 2106 2667 correctio
2138 2610 2201 2666 in
2237 2609 2384 2672 duo·

414 2710 528 2771 hus
566 2708 778 2769 Ambr.
797 2754 816 2784 ,
857 2720 922 2768 tu
978 2709 1190 2769 Titias.
1243 2707 1510 2767 Obstahit
1551 2707 1795 2767 fortasse
1814 2753 1833 2783 ,
1874 2709 2041 2787 quod
2073 2729 2348 2788 pronom.
2364 2758 2384 2788 ,

413 2815 501 2874 sic
533 2833 678 2874 cum
713 2811 984 2891 emphasi
1017 2811 1291 2870 additum
1309 2857 1327 2887 ‚
1368 2810 1661 2891 praeponi
1706 2811 2047 2890 oportebat,
2088 2825 2154 2872 tu
2192 2816 2386 2895 igitur

414 2925 486 2978 ut
529 2936 672 2977 mox
719 2938 819 2975 eae
862 2928 929 2975 tu
972 2917 1199 2997 igitur.-
1247 2934 1448 2993 neque
1481 2916 1647 2974 enim
1682 2916 1831 2975 solet
1868 2917 2061 2997 igitur
2093 2915 2382 2976 inchoare

410 3021 772 3082 sententiam
788 3065 807 3096 ,
857 3019 973 3078 nisi
988 3064 1006 3095 ,
1048 3038 1241 3099 quum
1277 3018 1448 3078 nulla
1479 3018 1601 3079 alia
1639 3038 1756 3078 vox
1791 3026 1910 3092 est,
1952 3038 2109 3096 quae
2141 3020 2380 3098 praeci-

406 3145 596 3204 puam
666 3123 1025 3201 dignitatem
1102 3121 1324 3181 habeat
1341 3168 1359 3197 ‚
1436 3131 1542 3182 aut
1610 3121 2040 3200 oppositionem
2112 3121 2378 3201 indicet,

402 3226 921 3309 quemadmodum
969 3244 1149 3305 supra
1202 3224 1265 3301 Ι,
1324 3223 1400 3300 6,
1463 3222 1565 3284 18:
1626 3223 1787 3286 conf.
1840 3223 2092 3303 Madvig.
2129 3225 2207 3285 ad
2242 3225 2371 3286 Fin.

400 3331 463 3410 1,
508 3330 586 3391 18
606 3376 625 3407 ,
663 3328 764 3391 61.

482 3454 633 3514 quae
669 3432 1019 3514 praesertim
1062 3462 1145 3476 -
1191 3430 1456 3490 sublatae
1500 3427 1651 3508 aiat)
1729 3430 1850 3489 Hoc
1884 3430 2134 3510 quidem
2168 3452 2365 3492 exem·

401 3535 577 3613 plum
626 3555 750 3595 non
801 3533 964 3595 cadit
1016 3534 1083 3592 in
1133 3532 1304 3593 illam
1351 3533 1910 3612 interpretationem
1962 3533 2363 3595 formularum
2463 3538 2468 3542 ’

401 3658 583 3717 quum
601 3682 619 3711 ‚
658 3646 765 3696 aut
804 3640 911 3716 qui
948 3639 1293 3717 praesertim
1309 3680 1329 3712 ,
1367 3656 1556 3715 quam
1590 3637 1882 3715 exemplis
1912 3636 2111 3697 firmat
2143 3638 2362 3699 Madvi-

397 3740 534 3819 gius
578 3738 659 3799 ad
710 3739 838 3799 rin.
891 3739 989 3814 11,
1044 3738 1120 3814 8,
1168 3739 1275 3799 25:
1331 3759 1532 3819 neque
1578 3740 1745 3800 enim
1789 3742 1940 3801 haec
1974 3751 2044 3801 ut
2079 3742 2144 3801 in
2179 3761 2361 3803 exce-

395 3843 643 3924 ptione,
682 3841 786 3901 ned
820 3840 898 3901 ad
931 3840 1406 3904 confirmandum
1445 3844 1754 3906 dicuntur.
1792 3876 1871 3889 -—
1906 3846 2069 3905 Unus
2100 3848 2356 3909 venicu-

395 3945 491 4005 Iue
519 3944 767 4020 dicitur,
801 3951 869 4003 ut
896 3942 1128 4003 decreti
1153 3964 1337 4023 quam
1370 3947 1715 4007 brevissima
1742 3947 2004 4008 formula
2028 3946 2352 4006 indicetur.

389 4047 580 4110 Recte
605 4048 865 4108 firmavit
886 4047 1003 4107 hoc
1032 4047 1315 4111 Goerenz.
1344 4067 1420 4109 ex
1444 4049 1644 4110 Milon.
1663 4050 1775 4127 26,
1809 4049 1909 4111 70.
1970 4049 2066 4109 Sic
2093 4048 2261 4110 Verr.
2290 4049 2345 4126 Ι,

392 4152 505 4231 39,
564 4151 683 4228 98,
735 4153 1128 4233 quaestoriam
1170 4155 1456 4213 rationem
1506 4155 1696 4214 tribus
1733 4153 2044 4214 versiculis
2087 4153 2346 4214 relatam.
