3131 5032
1712 462 1810 537 78

772 680 991 767 mini,
1057 675 1186 748 sed
1253 698 1403 747 non
1473 698 1762 775 semper
1827 679 1957 747 uni
2011 698 2264 774 parere
2323 675 2733 754 voluerunt.

774 799 924 870 Nos
963 809 1242 888 autem,
1288 799 1636 895 quoniam
1684 794 1878 894 leges
1927 793 2183 870 damus
2220 794 2472 873 liberis
2502 824 2738 900 popu-

770 915 885 1008 lis,
924 942 1260 1015 quaeque
1310 916 1401 988 de
1434 918 1709 1016 optima
1747 939 1826 986 re
1865 912 2156 1015 publica
2186 908 2622 993 sentiremus
2658 926 2736 999 in

766 1062 894 1110 sex
944 1036 1146 1110 libris
1199 1051 1369 1110 ante
1426 1034 1775 1122 diximus»,
1827 1034 2544 1111 accommodabimus
2594 1039 2737 1115 hoc

770 1170 1101 1257 tempore
1160 1156 1351 1255 leges
1394 1153 1487 1231 ad
1526 1153 1733 1229 illum
1780 1174 2004 1252 quem
2051 1152 2450 1255 probamus
2491 1163 2736 1236 civita-

768 1281 864 1349 tis
898 1290 1188 1350 statum.

867 1394 1405 1495 Magistratibus
1442 1396 1662 1493 igitur
1682 1417 1870 1493 opus
1889 1406 2027 1466 est:
2051 1397 2206 1470 sine
2226 1419 2548 1496 quorum
2565 1424 2739 1499 pru·

768 1515 1012 1590 dentia
1056 1541 1142 1590 ac
1188 1514 1554 1613 diligentia
1589 1538 1753 1609 esse
1779 1517 2023 1588 civitas
2054 1539 2206 1589 non
2244 1530 2515 1616 potest,
2550 1542 2738 1615 quo-

767 1660 1081 1733 rumque
1143 1635 1629 1733 descriptione
1677 1636 1915 1708 omnis
1956 1637 2064 1709 rei
2110 1633 2444 1735 publicae
2489 1638 2738 1713 mode·

769 1760 955 1829 ratio
980 1758 1415 1828 continetur.
1463 1757 1719 1854 Neque
1738 1753 1973 1829 solum
1996 1753 2112 1826 his
2134 1757 2738 1854 praescribendus

769 1891 877 1949 est
930 1874 1369 1976 imperandi,
1420 1873 1549 1948 sed
1600 1878 1817 1948 etiam
1863 1874 2141 1948 civibus
2178 1874 2732 1976 obtemperandi

770 1996 1053 2069 modus.
1165 1999 1347 2069 Nam
1406 2007 1508 2085 et,
1571 1998 1704 2092 qui
1759 1994 1950 2067 bene
2009 1998 2348 2094 imperat,
2412 2003 2737 2095 paruerit

767 2115 1157 2214 aliquando
1237 2137 1529 2189 necesse
1592 2127 1733 2205 est,
1788 2127 1862 2186 et
1924 2118 2055 2212 qui
2111 2114 2436 2189 modeste
2498 2133 2734 2218 paret,

764 2237 1051 2309 videtur
1069 2238 1198 2333 qui
1221 2232 1612 2332 aliquando
1632 2237 1942 2333 imperet
1966 2233 2229 2332 dignus
2253 2260 2427 2309 esse.
2474 2243 2733 2337 Itaque

767 2370 1059 2457 oportet
1090 2370 1162 2428 et
1191 2379 1357 2428 eum
1372 2407 1392 2444 ,
1426 2357 1556 2452 qui
1588 2367 1823 2454 paret,
1853 2378 2144 2452 sperare
2168 2379 2244 2428 se
2270 2356 2519 2455 aliquo
2547 2371 2730 2434 tem·

765 2500 947 2578 pore
993 2481 1549 2576 imperaturum,
1597 2487 1671 2548 et
1716 2472 1948 2568 illum,
1993 2478 2125 2573 qui
2159 2479 2497 2577 imperat,
2535 2484 2729 2580 cogi-

767 2613 919 2670 tare
983 2596 1186 2669 brevi
1251 2609 1582 2696 tempore
1636 2593 1774 2667 sibi
1831 2618 1984 2668 esse
2039 2597 2467 2695 parendum.
2578 2605 2730 2675 Nec

763 2741 938 2790 vero
998 2715 1237 2789 solum
1278 2727 1362 2787 ut
1409 2713 1923 2814 obtemperent
1967 2715 2461 2816 obediantque
2506 2725 2728 2820 magi·

764 2837 1136 2927 stratibus,
1157 2834 1284 2909 se'd
1302 2838 1524 2908 etiam
1547 2848 1634 2909 ut
1660 2859 1784 2908 eos
1809 2834 2049 2909 oolant
2063 2835 2509 2936 diligantque
2523 2866 2731 2940 prae-

762 2957 1175 3031 scribimus:
1242 2968 1327 3028 ut
1390 2953 1808 3028 Charondas
1876 2956 1954 3027 in
1996 2958 2161 3062 suis,
2201 2954 2372 3031 facit
2416 2957 2727 3057 legibus:

764 3090 1015 3150 noster
1058 3098 1232 3147 vero
1276 3072 1477 3146 Plato
1522 3075 1860 3146 Titanum
1902 3096 1945 3144 e
1991 3097 2255 3171 genere
2290 3078 2539 3147 statuit
2569 3100 2729 3169 eoS,

761 3200 927 3295 qui,
973 3209 1061 3267 ut
1104 3194 1206 3266 illi
1252 3192 1710 3285 caelestibus,
1754 3195 1860 3264 sic
1892 3191 1973 3264 hi
2000 3192 2470 3268 adversentur
2507 3201 2730 3295 magi·

761 3315 1132 3388 stratibus.
1192 3316 1398 3404 Quae
1433 3336 1667 3410 quum
1697 3315 1796 3385 ita
1825 3316 2000 3404 sint,
2030 3313 2123 3386 ad
2151 3317 2341 3412 ipsas
2370 3318 2514 3390 iam
2539 3317 2730 3415 leges

766 3438 1174 3525 veniamne,
1222 3436 1283 3503 si
1315 3431 1571 3531 placet.
1671 3435 1816 3506 Att.
1865 3431 2047 3506 Mihi
2076 3458 2250 3508 vero
2286 3446 2361 3506 et
2392 3436 2622 3530 istud,
2657 3453 2732 3511 et

770 3555 955 3629 ordo
986 3559 1120 3628 iste
1158 3577 1401 3626 rerum
1439 3551 1695 3651 placet.

867 3681 965 3749 M.
1060 3680 1302 3748 Iusta
1366 3674 1731 3771 imperia
1782 3686 2079 3763 sunto,
2153 3676 2434 3772 iisque
2494 3678 2728 3749 cives

773 3795 1160 3869 modeste
1204 3819 1298 3867 ac
1343 3796 1531 3865 sine
1573 3796 2125 3867 recusatione
2157 3810 2548 3893 parento:
2588 3821 2731 3870 ma-

772 3922 1191 4018 gistratus
1252 3938 1416 3987 nec
1461 3911 2034 3989 obedientem
2084 3929 2167 3989 et
2219 3917 2722 3990 innoxium²

833 4183 853 4219 ¹
889 4180 1124 4233 noxium.
