3131 5032
1161 498 1302 565 Lm.
1352 499 1412 585 1,
1459 504 1533 584 3,
1587 502 1652 567 8.
2246 506 2367 572 291

405 703 571 764 nitur
622 704 773 765 haec
821 703 1119 780 formula,
1177 717 1244 765 ut
1293 707 1498 765 aiunt.-
1555 707 1712 766 sicut
1751 706 1957 767 Parad.
1996 706 2104 785 Vl,
2153 709 2220 783 1,
2264 710 2363 772 44.

403 807 567 872 Offio.
617 809 678 884 1,
733 808 846 886 44,
902 808 1038 872 158.
1089 808 1248 869 Orat.
1296 809 1376 870 11.
1420 808 1526 884 44,
1574 808 1709 871 186.
1752 810 1989 871 Catilin.
2029 812 2093 885 1,
2136 812 2206 888 6,
2255 815 2360 889 15,

402 925 542 992 quot
592 934 699 994 ego
751 925 886 972 tuas
927 914 1248 992 petitiones
1291 946 1372 957 -
1411 932 1606 992 parva
1640 913 1896 991 quadam
1929 915 2361 994 declinatione,

402 1027 485 1091 et,
523 1027 593 1074 ut
620 1018 820 1091 aiunt,
862 1036 1095 1096 corpore
1125 1018 1332 1097 effugi.
1416 1015 1533 1077 Sed
1561 1015 1716 1095 quid
1750 1024 1836 1075 est
1864 1038 2096 1098 corpore
2132 1022 2364 1102 effugi?

401 1127 509 1179 aut
555 1120 657 1178 cui
709 1119 1089 1198 oppositum?
1148 1117 1533 1198 Legendum:
1595 1120 2017 1197 declinatione,
2058 1134 2129 1181 ut
2155 1127 2363 1201 aiunt,

401 1224 663 1302 corporis
711 1225 918 1305 effugi.
1014 1222 1193 1281 Totus
1242 1222 1413 1281 locus
1463 1241 1538 1282 ex
1584 1224 1934 1301 metaphora
1987 1243 2023 1283 a
2076 1224 2367 1303 palaestra

400 1325 789 1385 adumbratus
820 1332 925 1385 est.
1007 1325 1103 1384 sio
1139 1325 1409 1384 absolute
1446 1325 1745 1384 declinare
1779 1327 2028 1404 ponitur
2059 1327 2217 1387 Sext.
2252 1327 2361 1403 34,

399 1427 499 1490 73.
580 1428 804 1489 Eodem
852 1428 1033 1488 modo
1081 1438 1150 1487 ut
1184 1428 1409 1487 dicitur
1442 1428 1626 1508 poni,
1667 1436 1808 1489 ante
1844 1428 2039 1491 Beier.
2074 1428 2153 1490 ad
2198 1429 2363 1491 Offic.

403 1530 464 1605 1,
503 1530 612 1606 23,
654 1530 734 1591 80
760 1530 897 1613 (ubi
943 1529 1214 1590 eiusdem
1267 1530 1507 1609 generis
1546 1531 1899 1610 metaphora
1933 1527 2053 1611 est)
2074 1529 2367 1593 docuerat

401 1632 522 1692 iam
553 1633 792 1697 Servius
820 1632 899 1692 ad
934 1633 1188 1693 Aeneid.
1224 1632 1303 1692 lx
1316 1679 1336 1709 ,
1372 1633 1523 1708 276,
1555 1633 1760 1692 locum
1790 1630 2099 1711 apponena¹
2131 1655 2206 1693 ex
2242 1635 2359 1695 hoc

400 1737 527 1815 ipso
573 1736 603 1795 1
658 1737 835 1815 Legg.
897 1734 1003 1811 18,
1063 1735 1162 1795 49.
1259 1734 1347 1794 De
1393 1734 1661 1796 tollenda
1723 1735 1984 1796 formula
2029 1747 2098 1796 ut
2148 1740 2355 1810 aium,

399 1838 608 1899 Beioro
641 1839 719 1899 ad
755 1837 910 1898 Lael.
947 1840 1016 1913 5,
1063 1837 1139 1897 19
1171 1857 1294 1895 non
1331 1837 1633 1897 ementior.

476 1963 646 2021 quem
690 1963 811 2000 non
853 1938 1202 2021 recusarem)
1281 1938 1503 1999 Mutavi
1552 1939 2001 1999 distinctionem
2020 1986 2037 2016 ,
2078 1940 2243 2019 quod
2281 1941 2358 2000 ab

398 2044 507 2104 ‘nto
553 2042 809 2102 relativo
857 2040 1140 2101 refutatio
1192 2040 1542 2119 inchoatur3
1590 2049 1660 2099 ut
1704 2060 1847 2100 vere
1882 2042 1959 2100 de
1990 2040 2100 2102 illo
2132 2062 2355 2121 genere

396 2147 631 2207 monuit
649 2144 902 2224 Madvig.
920 2144 1026 2223 Ep.
1046 2144 1189 2205 Crit.
1208 2163 1268 2223 p.
1287 2142 1386 2204 86.
1403 2143 1509 2204 fin.
1590 2143 1664 2202 Et
1694 2144 1812 2204 hoc
1842 2145 2023 2207 modo
2058 2146 2355 2226 explican-

395 2251 542 2311 dum
576 2257 666 2310 est
695 2248 850 2308 infra
887 2267 1020 2326 cap.
1061 2246 1167 2324 14,
1210 2246 1322 2323 40,
1364 2269 1610 2328 quorum
1649 2260 1844 2308 tamen
1881 2270 2068 2309 nemo.

471 2375 730 2415 vacuum
780 2364 1003 2431 tempus
1051 2363 1107 2410 et
1156 2350 1429 2432 liberum)
1523 2351 1658 2411 Non
1707 2354 1922 2413 attinet
1960 2355 2112 2414 haec
2146 2355 2354 2415 distin-

391 2478 581 2537 guere
597 2503 615 2532 ‚
672 2465 742 2516 ut
793 2456 1053 2516 alterum
1102 2466 1420 2535 occupatae
1472 2476 1713 2536 operae,
1770 2456 2031 2516 alterum
2071 2459 2353 2539 impedito

392 2565 594 2624 mmo
632 2568 990 2642 opponatur.
1070 2555 1370 2618 Dicuntur
1411 2559 1553 2618 talia
1592 2578 1704 2638 per
1737 2561 2248 2638 cumulationem,
2291 2573 2352 2622 et

388 2672 816 2744 permutantur
846 2662 997 2723 adeo
1030 2660 1192 2721 inter
1217 2661 1445 2722 se.Fin.
1466 2661 1528 2738 I,
1553 2661 1790 2738 10,33.·
1824 2684 1963 2723 nam
1997 2664 2178 2724 libero
2211 2678 2348 2725 eem-

377 2789 559 2849 pon,
599 2787 783 2847 quum
812 2767 1007 2827 voluta
1029 2766 1212 2826 nohis
1242 2776 1327 2824 eet
1354 2767 1615 2847 eligendi
1641 2768 1798 2845 optio
1816 2813 1833 2843 ,
1874 2789 2166 2848 quumque
2192 2771 2352 2830 nihil

388 2872 674 2952 impedit,
733 2891 847 2950 quo
898 2872 1098 2932 minuo
1149 2868 1249 2945 id,
1308 2869 1464 2948 quod
1521 2871 1778 2928 maxime
1815 2870 2088 2950 placeat,
2133 2876 2347 2952 facere

377 2974 699 3054 possimne.
796 2973 957 3035 Orat.
1007 2972 1131 3048 111,
1196 2970 1302 3044 15,
1362 2971 1442 3033 57
1498 2971 1699 3052 (cuius
1737 2971 1858 3031 loci
1911 2974 2149 3052 reliqua
2200 2977 2348 3037 alias

387 3070 681 3155 tractabo)
710 3073 970 3134 homines
1003 3107 1083 3118 —
1118 3075 1300 3133 vacui
1329 3095 1401 3134 ae
1429 3074 1606 3133 libori
1637 3077 1928 3154 temporis.
2009 3074 2177 3137 Verr.
2212 3078 2344 3141 Aet.

385 3179 447 3254 1,
485 3178 557 3254 9,
587 3178 698 3240 26:
730 3179 931 3238 animo
965 3178 1134 3257 coepi
1161 3177 1343 3235 multo
1371 3178 1570 3259 magis
1601 3198 1789 3236 vacuo
1827 3199 1899 3238 ae
1933 3178 2152 3255 soluto,
2186 3182 2348 3241 nihil

384 3282 586 3358 aliud,
626 3282 756 3341 nini
803 3282 874 3340 de
925 3281 1192 3356 iudicia,
1235 3301 1406 3362 agere
1446 3291 1503 3340 et
1536 3282 1814 3362 cogitare.
1895 3279 2063 3342 Verr.
2098 3282 2188 3359 lI,
2231 3283 2341 3360 75,

396 3384 534 3461 185,
574 3385 683 3444 uhi
727 3386 928 3445 animo
972 3404 1194 3464 semper
1230 3384 1419 3443 soluto
1471 3385 1766 3464 liberoque
1815 3396 1959 3445 erae.
2039 3385 2110 3444 Et
2147 3387 2342 3447 utitur

381 3489 594 3549 iisdem
628 3488 941 3549 adiectivis
975 3488 1039 3546 in
1075 3496 1332 3566 utraque
1367 3508 1464 3546 re:
1502 3487 1758 3566 Republ.
1791 3487 1851 3563 1,
1889 3487 1958 3564 9,
1998 3487 2100 3564 14,
2131 3502 2343 3549 nactus

379 3614 442 3653 es
467 3595 800 3652 ationiorem
826 3612 1030 3672 opera,
1072 3612 1249 3670 quam
1277 3592 1498 3652 animo.
1533 3589 1698 3652 Offic.
1736 3590 1796 3666 1,
1835 3590 1909 3668 4,
1948 3591 2051 3669 13,
2080 3597 2338 3676 negotiis

378 3696 653 3774 curisque
711 3697 910 3756 vacui.
964 3728 1046 3740 —
1098 3694 1272 3770 Quod
1328 3694 1615 3755 Goerenz.
1673 3694 1865 3754 edidit
1921 3716 1994 3756 ac
2052 3698 2336 3774 liberum,

378 3798 503 3858 mei
555 3817 797 3877 quoque
847 3798 988 3857 libri
1022 3798 1326 3876 ignorant:
1361 3818 1477 3858 nec
1511 3798 1692 3857 video
1729 3817 1840 3858 cur
1870 3800 2338 3878 praeferendum

377 3903 476 3962 ait.
507 3935 589 3947 —
618 3900 742 3959 Nec
775 3902 964 3978 mag-in
993 3900 1157 3960 idem
1193 3900 1563 3977 audiendus,
1605 3922 1799 3981 quum
1841 3915 2125 3982 occupata
2166 3924 2339 3982 opera

376 4006 815 4085 interpretatur
855 4015 989 4063 ante
1005 4050 1024 4080 ,
1073 4017 1521 4086 praeoccupata.
1621 4006 1921 4086 occupata
1969 4025 2152 4082 opera
2182 4005 2340 4063 dici-

379 4118 479 4168 tur
531 4108 944 4188 praesentibus
993 4109 1277 4183 negotiis,
1331 4116 1399 4167 ut
1453 4121 1738 4190 occupata
1789 4121 2043 4188 tempora
2057 4154 2074 4184 ,
2134 4106 2333 4168 Plano.

380 4210 493 4285 27,
534 4209 633 4272 66.

1957 4312 2073 4371 19*
