3131 5032
1086 440 1231 507 Lm.
1277 439 1409 523 111,
1459 444 1540 523 s,
1602 441 1698 506 18.
1915 422 1932 434 '
2246 441 2373 508 603

401 648 574 711 affert
589 694 609 727 ,
654 645 936 727 exempla
957 645 1270 708 'Moserum
1303 644 1543 706 dooere.
1586 677 1668 690 -
1703 644 1853 705 Tum
1875 690 1893 721 ‚
1931 644 1998 705 in
2035 646 2146 705 isti
2177 666 2241 705 se
2267 665 2383 728 ge·-

400 762 536 812 rant
551 795 571 828 ,
609 768 852 829 prorsus
876 748 1135 808 otiosum
1164 766 1290 807 esse
1319 754 1469 826 puto
1495 765 1772 825 pronom.
1807 746 2383 824 demonstrativum,

399 872 594 934 quum
646 851 928 912 universe
980 858 1041 911 et
1092 851 1161 909 in
1212 868 1439 928 genere
1488 850 1780 929 loquatur
1798 896 1816 926 ‚
1859 857 2130 929 essetque
2160 849 2384 909 vitium

399 953 559 1013 illud
608 971 734 1015 non
787 970 1121 1032 paueornm
1174 949 1618 1029 quorumdam,
1659 969 1813 1029 quos
1863 948 2234 1028 designaret,
2282 950 2385 1011 sed

398 1053 1055 1135 longe‘plurimorum.
1148 1052 1394 1131 Corrigo
1410 1099 1428 1128 ,
1482 1054 1664 1128 istie,
1725 1053 1879 1112 sient
1929 1061 2018 1113 est
2064 1054 2131 1112 in
2180 1053 2281 1116 Or.
2317 1054 2385 1112 in

399 1156 539 1237 Tog.
576 1157 759 1218 Cand.
791 1176 852 1235 p.
869 1156 1009 1217 523.
1044 1154 1177 1229 Οι·.,
1218 1164 1287 1215 ιιι
1318 1165 1373 1214 te
1408 1155 1541 1216 illie
1565 1157 1843 1236 gesseris.
1927 1155 2220 1215 Similiter
2252 1156 2386 1216 illie

403 1281 478 1321 ex
518 1261 660 1322 Cod.
696 1259 865 1322 Leid.
884 1305 902 1335 ‚
941 1277 1053 1338 pro
1085 1257 1252 1335 vulg.
1290 1258 1427 1334 illi,
1468 1257 1533 1317 in
1573 1257 1735 1318 Orat.
1768 1278 1882 1336 pro
1916 1258 2078 1319 Goel.
2115 1259 2224 1336 27,
2265 1257 2384 1335 64,

402 1369 580 1421 aeute
615 1360 877 1420 restituit
908 1359 1132 1420 Ravins
1162 1356 1299 1418 Var.
1332 1359 1494 1420 Leet.
1531 1358 1613 1419 11.
1650 1379 1712 1438 p.
1759 1359 1894 1421 104.

485 1465 777 1545 legatione
802 1495 883 1510 -
913 1458 1361 1541 persequuntur)
1441 1461 1801 1539 Exemplum
1838 1468 1927 1524 est
1950 1461 2016 1520 in
2041 1461 2147 1522 Cn.
2170 1461 2383 1523 Pisone

407 1565 569 1644 apud
605 1564 931 1625 Aseonium
967 1563 1065 1624 Or.
1105 1563 1172 1622 in
1205 1563 1342 1641 Tog.
1371 1561 1557 1622 Cand.
1584 1582 1646 1641 p.
1681 1562 1782 1623 94.
1822 1563 2007 1624 Orell.
2088 1564 2389 1625 Tractavit

407 1675 763 1747 corruptum
820 1667 1024 1728 locum
1067 1665 1404 1744 ingeniose,
1449 1672 1518 1724 ut
1558 1665 1745 1741 solet,
1785 1664 2009 1725 Rarius
2041 1686 2212 1727 meus
2246 1667 2383 1729 Var.

407 1767 571 1828 Leot.
619 1767 670 1827 Ῑ.
722 1787 783 1846 Ρ.
845 1766 978 1828 146.
1029 1786 1099 1846 sq
1135 1811 1154 1842 ‚
1227 1765 1644 1844 eonieoitque,
1697 1797 1776 1810 —
1825 1769 2041 1827 missas
2087 1789 2124 1827 a
2180 1781 2389 1831 senata

396 1890 516 1950 per
563 1868 833 1927 honorem
885 1868 1203 1949 legationis
1222 1913 1241 1943 ,
1297 1879 1366 1927 ιιι
1412 1887 1450 1927 a
1498 1869 1629 1927 sais
1659 1870 1844 1929 sociis
1879 1868 2016 1950 (pro
2049 1871 2352 1950 corruptis
2369 1917 2388 1947 ,

408 1983 478 2032 ιιι
523 1992 673 2032 avus
723 1966 892 2049 suus)
941 1971 1346 2052 ablegaretur.-
1405 1969 1560 2029 mihi
1595 1970 1658 2028 in
1707 1971 2008 2051 eor-ruptis
2042 1972 2165 2032 iliis
2198 1973 2389 2035 latere

408 2094 578 2155 posse
608 2072 931 2133 videbatur
963 2084 1030 2132 ιιι
1065 2072 1433 2154 syngraphae
1474 2093 1650 2131 snas.-
1686 2072 1792 2132 sed
1819 2073 1995 2151 plura
2021 2074 2088 2133 in
2119 2082 2388 2135 mentem

407 2178 666 2237 veniunt
696 2195 855 2255 quae
890 2173 1309 2249 dissuadeant,
1350 2194 1534 2254 quam
1571 2194 1730 2254 quae
1764 2176 2191 2237 commendent
2228 2177 2390 2238 hane

412 2279 830 2358 suspicionem.
879 2307 960 2321 ——
1009 2276 1237 2336 Vitium
1270 2278 1467 2355 ipsum
1502 2278 1755 2336 istarum
1791 2277 2161 2356 legationum
2201 2279 2391 2358 tangit

412 2381 557 2458 Leg.
602 2379 814 2457 Agr-ar.
861 2379 929 2452 Ι,
965 2375 1043 2453 3,
1079 2375 1269 2452 8.11‚
1314 2378 1418 2452 17,
1467 2377 1572 2437 45:
1609 2377 1716 2438 sed
1747 2398 1859 2457 pro
1887 2379 2096 2440 Flaeeo
2123 2379 2242 2456 34,
2276 2380 2389 2458 86,

414 2500 628 2543 musae
660 2481 888 2561 quippe
911 2478 1271 2555 inserviens,
1306 2498 1427 2538 non
1455 2479 1837 2559 reprehendit.
1898 2479 1983 2541 De
2009 2483 2389 2562 syngraphis,

411 2583 583 2645 Verr.
619 2584 683 2658 1,
726 2582 841 2658 29,
883 2580 984 2642 73.
1020 2581 1123 2642 fin.
1154 2589 1216 2642 et
1244 2579 1723 2641 Pseudo-Ascua.
1759 2581 1825 2639 in
1857 2581 2023 2642 Verr.
2059 2582 2117 2659 1,
2147 2583 2259 2660 36,
2287 2583 2389 2645 91.

494 2692 565 2748 in
615 2687 953 2761 horninibus
1003 2696 1088 2744 est
1133 2685 1241 2746 Ιιοο
1274 2686 1540 2765 fortasse
1588 2682 1831 2765 vitium)
1931 2684 2124 2761 Beue,
2182 2694 2392 2747 eontra

414 2790 813 2852 Goerenzium
855 2794 917 2847 et
959 2786 1255 2847 nasorum
1274 2831 1291 2861 ,
1333 2805 1539 2847 veram
1585 2787 2146 2866 interpretationem
2182 2797 2391 2850 tuetur

415 2894 670 2972 Madvig.
709 2890 1023 2952 Emendat.
1058 2911 1096 2969 p
1159 2890 1257 2951 87.
1285 2910 1403 2970 sq„
1444 2909 1630 2970 quam
1660 2898 1985 2968 agnoverat
2017 2891 2140 2951 iam
2167 2891 2393 2953 Turne·

416 2997 530 3057 bus
583 2994 660 3056 ad
707 3016 765 3055 v.
817 3013 1053 3073 reapse.-
1093 2995 1164 3051 in
1209 2992 1546 3052 hominibus
1584 2999 1645 3051 et
1674 3012 1876 3071 reapse
1911 2993 2070 3053 inter
2101 3013 2164 3054 se
2200 3013 2393 3074 oppo-

415 3107 685 3159 nuntur:
739 3098 825 3156 sio
873 3095 1037 3157 offic.
1084 3094 1174 3170 11,
1214 3093 1331 3169 22,
1374 3094 1486 3169 76,
1530 3094 1661 3153 laus
1694 3094 2089 3154 abstinentiae
2123 3116 2247 3155 nan
2282 3097 2393 3156 Ιιο-

416 3202 600 3260 minis
632 3209 720 3258 est
752 3197 942 3256 solum
961 3241 980 3269 ‚
1018 3195 1122 3255 sed
1155 3197 1336 3255 etiam
1370 3207 1691 3275 temporum
1730 3196 1999 3256 illoram.-
2041 3197 2202 3258 eons.
2238 3197 2393 3260 ibid.

413 3303 546 3379 111,
588 3300 702 3374 31,
751 3298 897 3357 111:
943 3297 1110 3358 Verr.
1145 3296 1200 3364 1,
1240 3296 1351 3373 21,
1381 3297 1488 3357 56:
1522 3296 1753 3357 Seneet.
1795 3296 1900 3373 16,
1941 3300 2039 3360 66.
2123 3300 2393 3361 Fortasse

415 3402 800 3466 eoncedentis
849 3407 938 3460 est
988 3399 1319 3461 obiectioni
1371 3419 1443 3461 ac
1496 3398 1855 3460 defensioni.
1886 3434 1968 3446 —
2000 3401 2212 3462 Statim
2261 3410 2392 3482 post

413 3525 731 3587 perperam
798 3505 865 3563 in
934 3503 1217 3564 omnibus
1280 3503 1454 3563 libris
1512 3503 1738 3581 legitur
1787 3504 1938 3583 qnid
1981 3535 2051 3549 —
2118 3507 2387 3585 turpius,

419 3630 596 3691 qnam
646 3640 728 3652 —
771 3618 1006 3667 senator
1049 3608 1314 3687 legatus,
1374 3625 1498 3685 quo
1543 3605 1726 3667 modo
1761 3626 2088 3685 nusquam,
2133 3608 2388 3687 opinor,

418 3712 628 3772 Cieero
675 3708 911 3769 locutus
958 3715 1079 3767 est:
1133 3706 1564 3787 corrigendum
1619 3699 1894 3783 videtur,
1946 3720 2268 3770 senatorem
2311 3711 2388 3771 le·

412 3815 572 3897 gari.
607 3845 687 3857 -—
716 3810 870 3869 Tum
914 3829 950 3869 e
998 3809 1397 3871 deterioribus
1435 3810 1613 3873 libris
1644 3812 1937 3872 eorrectio
1972 3812 2350 3893 suscipienda
2366 3857 2387 3888 ,

408 3917 850 4001 procuratione.

502 4042 610 4103 ego
658 4017 866 4080 consa!
910 4048 991 4061 —
1041 4012 1428 4095 sustulissem)
1523 4017 1611 4076 De
1658 4014 1774 4076 hae
1825 4013 2023 4075 Tullia
2054 4014 2188 4094 lege
2232 4013 2393 4074 nihil

420 4141 672 4203 nsquam
689 4167 707 4197 ,
757 4125 1179 4198 praeterquam
1223 4116 1340 4178 hoo
1373 4116 1541 4191 loeo,
1584 4123 1992 4178 memoratur:
2033 4114 2137 4177 sed
2167 4134 2241 4176 ex
2275 4117 2390 4177 hae
