3131 5032
746 424 872 489 482
1436 419 1580 486 Lm.
1625 419 1726 504 ll,
1769 424 1853 506 5,
1911 423 2008 488 11.

831 628 912 686 ad
942 628 1189 686 salutem
1209 627 1436 686 civium
1464 629 1890 706 civitatumque
1913 624 2019 708 -)
2100 624 2233 686 Non
2262 626 2574 707 probanda
2596 628 2728 691 fuit

754 733 936 791 lectio
971 732 1177 792 Amhr.
1213 756 1277 806 α,
1321 734 1734 811 civitatisque.-
1776 732 1977 810 agitur
2020 732 2185 792 enim
2204 778 2222 808 ,
2265 740 2336 793 ut
2367 752 2510 793 mox
2541 753 2726 814 appa·

750 843 879 911 ret,
921 834 998 894 de
1029 834 1309 895 omnibus
1340 835 1581 913 populis
1616 834 1842 894 liberis.
1925 834 2041 894 Sed
2076 854 2187 913 pro
2218 834 2521 896 hominnm
2549 857 2726 916 prae·

751 936 930 996 stabit
948 958 983 997 e
999 937 1195 1012 libris,
1219 956 1590 1015 quamquam
1615 935 2079 1011 recentioribus,
2104 936 2407 1014 suscipere
2428 941 2724 1000 omninno.-

755 1039 967 1099 eadem
1016 1039 1289 1098 confusio
1323 1039 1388 1097 in
1425 1038 1609 1099 Codd.
1647 1039 1775 1098 Fin.
1810 1038 1938 1113 111,
1982 1038 2087 1113 19,
2123 1038 2222 1099 64.
2261 1038 2424 1101 Orat.
2454 1039 2579 1117 111,
2611 1042 2723 1118 45,

758 1143 906 1219 178,
934 1144 1147 1202 salutis
1177 1144 1439 1201 omnium
1465 1162 1666 1202 causa.
1685 1175 1765 1188 —
1783 1142 2070 1201 Inventas
2097 1161 2218 1201 esse
2244 1142 2399 1224 leges
2422 1145 2724 1222 praetuli,

754 1245 923 1326 quod
948 1247 1148 1324 agitur
1179 1245 1258 1304 de
1283 1246 1480 1323 primo
1513 1245 1764 1306 consilio
1792 1266 1917 1325 quo
1950 1245 2112 1323 leges
2142 1247 2514 1324 excogitatae
2543 1257 2725 1327 sunt,

752 1350 829 1409 ab
864 1369 1060 1427 eoque
1099 1368 1239 1408 mox
1279 1349 1614 1408 secernitur
1648 1349 2101 1409 sanciendarum
2136 1349 2344 1428 legum
2377 1351 2720 1429 negotium:

753 1472 896 1512 nam
941 1452 1069 1532 ipsa
1113 1451 1341 1512 locutio
1386 1453 1628 1512 condere
1665 1454 1844 1534 leges,
1892 1471 2004 1531 per
2044 1471 2105 1512 se
2143 1453 2401 1513 minime
2433 1454 2725 1515 Cicerone

752 1556 1003 1635 indigna
1030 1555 1311 1615 habenda
1335 1563 1442 1617 est.
1524 1557 1598 1616 Et
1625 1558 1895 1615 invenire
1922 1557 1985 1614 in
2019 1556 2136 1615 hoc
2165 1566 2525 1635 argumento
2545 1578 2724 1619 usur·

749 1662 920 1740 pavit
943 1660 1152 1720 Cicero
1177 1659 1339 1720 Orat.
1377 1660 1442 1735 I,
1490 1658 1598 1735 10,
1640 1659 1739 1720 39.
1780 1657 1947 1718 Tusc.
1989 1656 2068 1734 V,
2112 1658 2188 1734 2,
2231 1661 2291 1721 5.

830 1763 939 1842 qui
992 1795 1074 1806 —
1120 1764 1275 1822 scita
1336 1759 1669 1842 sanxerint)
1767 1759 2201 1820 Coniunctivus
2258 1761 2724 1841 requirebatur,

751 1864 918 1945 quod
969 1885 1093 1925 non
1142 1883 1309 1924 mera
1358 1863 1725 1942 periphrasis
1775 1871 1863 1922 est
1878 1908 1896 1937 ‚
1953 1861 2060 1922 sed
2108 1861 2340 1923 dicitur
2355 1909 2375 1940 ,
2432 1883 2507 1923 eo
2555 1864 2722 1944 ipso,

750 1967 919 2048 quod
948 1969 1282 2041 sancirent,
1322 1966 1647 2026 ostendisse
1680 1966 1919 2045 populis
1953 1974 2068 2026 cet.

833 2072 1051 2150 quibus
1103 2072 1201 2130 illi
1252 2070 1572 2149 adscriptis
1621 2068 2045 2149 susceptisque)
2141 2068 2369 2146 Probo,
2426 2068 2594 2149 quod
2640 2089 2725 2130 ex

746 2193 877 2233 uno
916 2174 1228 2250 alteroque
1261 2171 1402 2231 Cod.
1444 2170 1889 2231 commendavit
1924 2170 2321 2245 (heremias,
2364 2175 2612 2249 ascitis,
2649 2173 2723 2233 in

742 2276 910 2356 quod
966 2275 1290 2336 Lambinus
1342 2275 1688 2335 coniectura
1708 2319 1726 2349 ,
1769 2283 1839 2333 ut
1878 2273 2124 2334 videtur
2143 2322 2161 2351 ‚
2201 2274 2520 2336 inciderat.
2601 2275 2724 2336 Sed

745 2377 1281 2439 animadvertenda
1346 2385 1432 2438 est
1490 2377 1694 2437 studio
1747 2378 2018 2457 quaesita
2074 2377 2410 2439 cumulatio
2469 2378 2537 2438 in
2587 2379 2720 2457 his,

745 2486 1066 2564 scripturos
1100 2492 1274 2561 atque
1310 2481 1556 2556 laturos,
1600 2482 1809 2541 ascitis
1844 2483 2274 2564 susceptisque,
2313 2483 2547 2543 honeste
2576 2483 2721 2545 bea-

742 2601 910 2668 teque
936 2588 1254 2666 composita
1269 2596 1610 2664 sancteque.
1627 2617 1708 2629 —
1726 2584 1857 2645 Mox
1875 2588 2250 2646 nominarent
2269 2595 2509 2647 servant
2525 2585 2714 2649 Codd.

743 2699 980 2750 tantum
1011 2710 1134 2750 non
1161 2694 1397 2749 omnes:
1436 2686 1541 2746 sed
1578 2708 1658 2747 ne
1699 2688 1784 2747 sic
1816 2687 2070 2767 quidem
2111 2686 2427 2749 difficultas
2457 2689 2716 2750 tollitur.

747 2795 881 2854 Non
932 2793 1265 2854 concedere
1316 2790 1560 2852 videtur
1609 2792 1969 2870 Madvigius,
2028 2792 2072 2853 l.
2113 2812 2167 2854 c.
2216 2813 2278 2873 p.
2312 2793 2422 2869 64,
2466 2795 2721 2854 verbum

747 2899 866 2959 hoc
890 2898 968 2957 ad
996 2897 1361 2976 legislatores
1383 2916 1509 2956 oese
1540 2894 1963 2971 referendum,
1993 2896 2158 2975 quod
2188 2897 2240 2957 si
2276 2905 2456 2973 esset,
2485 2898 2721 2978 requiri

746 3004 1102 3063 nominasse.
1183 2999 1408 3060 Verum
1454 3010 1658 3060 tamen
1693 3020 1769 3059 ex
1806 3007 1928 3059 tota
1961 2999 2365 3079 disputatione
2397 3001 2720 3062 conficitur

748 3124 872 3165 non
927 3104 1050 3163 dici
1105 3105 1257 3186 leges
1309 3103 1494 3182 vulgo
1540 3103 1644 3185 (ah
1693 3099 2064 3183 hominibus)
2115 3103 2297 3163 fuisse
2345 3106 2718 3179 nominatas,

751 3207 857 3268 sed
889 3209 965 3267 ah
992 3207 1136 3286 ipsis
1159 3208 1269 3287 qui
1297 3206 1600 3282 tulissent,
1640 3205 2105 3286 appellationem
2130 3204 2490 3285 profectam:
2528 3225 2720 3286 quare

747 3313 1048 3390 corrigam
1098 3313 1401 3369 nmninare
1419 3356 1438 3386 ,
1497 3317 1565 3369 ut
1619 3310 1682 3368 in
1729 3328 1953 3388 genere
1985 3308 2064 3369 de
2094 3308 2535 3388 legislatoribus
2565 3310 2720 3370 acci·

748 3416 971 3493 piatur.
1060 3412 1334 3473 Alterum
1390 3412 1439 3471 si
1492 3421 1802 3488 servatur,
1863 3412 1981 3472 hoc
2031 3412 2304 3488 dicetur,
2347 3431 2422 3473 eo
2467 3411 2720 3474 consilio

749 3518 873 3578 lata
922 3536 1046 3576 esse
1096 3536 1203 3592 ea,
1261 3525 1333 3575 ut
1383 3537 1481 3576 eas
1533 3517 1696 3593 leges
1750 3516 2135 3577 nominarent
2182 3515 2491 3576 homines:
2549 3514 2718 3596 quod

747 3620 1179 3680 alienissimum
1222 3626 1332 3680 est.

830 3724 937 3803 qui
983 3752 1063 3764 —-
1112 3723 1341 3780 iniusta
1373 3721 1591 3801 populi
1636 3722 1803 3780 iussa
1849 3720 2286 3803 descripserint)
2365 3720 2716 3783 Excusanda

752 3835 842 3888 est
900 3824 1133 3885 Ernesti
1192 3823 1451 3902 suspicio
1517 3826 1654 3883 iura
1720 3824 2134 3905 descripserint
2197 3824 2527 3903 legendum
2589 3844 2717 3886 esse

746 3940 996 4013 propter
1025 3929 1221 4008 ipsum
1255 3927 1372 3986 hoc
1404 3927 1753 4004 describere,
1793 3928 1959 4007 quod
1993 3928 2367 3988 sollemniter
2398 3948 2541 3989 cum
2575 3931 2717 3989 ium

746 4036 1165 4113 similibusque
1196 4032 1598 4110 componitur.
1669 4030 1783 4091 Sed
1809 4031 2003 4092 multo
2031 4033 2252 4093 certius
2284 4032 2718 4118 corrigendum

748 4140 1089 4220 scripserint
1121 4135 1328 4220 (modo
1352 4155 1534 4214 supra
1561 4135 1773 4196 eadem
1804 4134 2100 4195 confundi
2128 4135 2420 4214 vidimus,
2461 4137 2720 4198 scrihere
