3131 5032
1281 463 1286 468 ⁹
1399 472 1531 545 149

426 743 596 794 scabie
640 701 816 795 ω”ἕέιιι
861 742 1018 810 (nou)
1074 741 1118 793 A
1165 739 1204 790 B
1238 738 1281 788 n
1312 743 1353 800 β
1386 757 1412 788 .

493 863 586 914 11.
612 862 699 914 39.
729 863 816 914 58.
849 864 935 916 65.
966 863 1051 914 96.

419 964 559 1005 eeret
596 954 653 1006 δ.

419 1054 644 1096 cernunt
672 1061 727 1095 α.

423 1136 690 1188 cemimus
732 1133 818 1185 10.
865 1134 952 1185 47.
993 1134 1081 1185 58.
1127 1131 1249 1184 120.
1295 1130 1418 1183 122.

494 1226 616 1277 124.
654 1225 771 1278 126.

692 1382 917 1437 CAPUT
954 1383 1149 1437 xvm.

849 1543 1008 1611 με.

424 1680 562 1733 mihi
588 1692 641 1733 et
672 1682 778 1731 iem
813 1698 869 1732 α.

428 1774 589 1825 etiam
620 1772 724 1822 iem
753 1769 839 1822 10.

426 1861 586 1931 (iam)
626 1863 690 1915 B.

422 1954 490 2005 eit
513 1952 643 2005 haee
676 1955 848 2005 omnis
876 1953 964 2005 96.

427 2046 530 2095 iem
560 2043 648 2095 hie
679 2044 744 2095 sit
778 2045 839 2095 V.
880 2037 886 2043 ’

420 2138 593 2187 omnis
621 2135 749 2187 ratio
778 2134 819 2186 D
854 2153 888 2183 α
925 2153 950 2185 ε
983 2133 1070 2185 47.
1100 2134 1186 2186 65.
1220 2134 1340 2187 122.

427 2226 655 2296 (omnis)
691 2225 776 2278 10.
1059 2213 1066 2220 ’

420 2317 564 2368 idem
592 2318 734 2385 quod
767 2336 800 2381 y
831 2318 918 2369 39.

425 2408 480 2460 id
509 2409 727 2476 quidem
761 2409 850 2459 10.

419 2515 487 2551 ex
517 2498 602 2551 his
633 2508 709 2551 eet
742 2498 785 2551 G
816 2519 862 2552 e.

421 2601 474 2642 et
503 2592 621 2643 eius
650 2602 702 2642 et
730 2608 885 2643 omne
913 2591 977 2643 D.

417 2692 476 2734 ut
503 2683 585 2734 ius
613 2692 664 2734 et
693 2699 849 2734 omne
880 2701 914 2731 α
942 2683 1031 2736 10.

423 2772 528 2841 (et)
566 2791 722 2825 omne
758 2774 845 2830 96.

417 2864 773 2934 expetendum
805 2880 916 2915 esse
949 2863 991 2914 D
1020 2870 1083 2927 ῥ’.

418 2955 754 3025 diligendum
796 2965 849 3007 et
892 2953 1170 3006 colendum
1227 2971 1325 3023 per
1362 2969 1419 3008 se

490 3066 523 3111 y
552 3048 641 3099 39.
675 3046 796 3099 120.

425 3140 545 3211 (per
568 3169 639 3180 -
670 3139 976 3208 colendum)
1008 3140 1097 3193 39.

421 3232 560 3299 quod
591 3248 685 3300 per
712 3231 800 3283 96.

421 3323 503 3373 ius
527 3320 879 3390 expetendum
908 3330 984 3371 est
1012 3319 1056 3370 D
1086 3319 1172 3372 10.

420 3412 751 3483 diligendum
778 3422 829 3463 et
855 3411 1132 3463 colendum
1162 3412 1229 3464 V.

421 3505 560 3573 quod
593 3506 633 3556 ti
672 3505 754 3555 ius
788 3513 863 3556 est
894 3505 1049 3553 etiam
1082 3504 1275 3555 iustitie
1300 3503 1364 3557 D.

422 3597 468 3647 si
494 3596 576 3647 ius
604 3605 656 3647 et
682 3594 875 3647 iustitia
903 3595 989 3646 47.
1021 3593 1140 3647 122.

423 3687 500 3738 nie
530 3696 581 3738 et
608 3685 840 3755 reliquae
868 3685 910 3736 D
943 3705 970 3736 ε
1001 3687 1086 3739 11.
1116 3686 1203 3740 47.
1219 3687 1307 3738 48.
1324 3688 1412 3741 65.

490 3779 560 3830 96
591 3778 653 3829 Β.

425 3871 491 3921 tit
520 3871 577 3919 iu
605 3885 666 3920 en
700 3868 744 3921 G
771 3869 813 3919 B
848 3868 886 3919 δ
919 3867 1006 3920 10.

421 3964 488 4014 sit
516 3962 717 4029 relique
754 3979 811 4014 n.

421 4056 466 4105 ei
493 4052 621 4105 haee
653 4052 886 4120 reliquae
922 4056 986 4111 β.

1476 679 1550 730 sie
1589 651 1821 748 reliqtiae
1867 683 1949 733 11.
1997 684 2083 736 47.
2133 685 2218 736 48.
2264 686 2352 737 58.
2389 687 2476 738 65.

1547 769 1618 821 96
1679 770 1794 821 122.

1478 859 1622 926 quod
1657 860 1938 913 liberalitas
1968 863 2007 913 Ε
2045 881 2078 912 α
2109 839 2194 915 10.

1479 952 1696 1019 gratuite
1735 950 1855 1019 (ne)
1897 953 1959 1004 D.

1481 1043 1762 1110 gratuitam
1799 1044 1885 1095 10.

1479 1143 1565 1183 eut
1597 1136 1909 1185 mercenaria
1946 1136 2032 1186 10.

1477 1223 1707 1293 benigne
1752 1235 1832 1276 est
1863 1225 1904 1275 D
1947 1247 1980 1273 α
2012 1236 2054 1289 μ’
2084 1245 2117 1290 y
2151 1228 2239 1280 39.
2273 1228 2360 1279 47.
2394 1229 2478 1280 48·

1545 1317 1635 1366 58.
1674 1317 1760 1368 96.
1801 1316 1917 1368 120.
1952 1318 2068 1369 122.
2108 1319 2223 1369 124.
2254 1319 2374 1372 126.
2407 1319 2470 1369 V.

1484 1408 1528 1458 si
1562 1423 1667 1457 non
1698 1388 1817 1458 eum
1848 1427 1900 1471 γ.
2467 1419 2470 1424 “

1480 1515 1578 1549 nee
1613 1500 1758 1548 enim
1789 1498 2010 1549 dubium
2044 1499 2130 1550 10.

1480 1591 1613 1656 quin
1646 1588 1743 1657 (is)
1781 1590 1868 1640 10.

1483 1690 1727 1746 aequatur
1754 1689 1863 1730 tuto
1896 1681 2018 1730 item
2050 1698 2104 1742 γ.

1483 1780 1725 1838 sequetur
1751 1770 1839 1821 39.

1486 1876 1609 1929 ergo
1641 1861 1782 1911 idem
1812 1863 1857 1912 A
1888 1862 1925 1911 Β
1950 1862 2037 1911 11.
2067 1861 2153 1913 65.

1482 1968 1606 2022 ergo
1653 1952 1778 2003 item
1825 1951 1867 2002 D
1902 1970 1936 2000 α
1966 1957 2009 2013 β
2039 1952 2125 2004 10.
2157 1952 2244 2002 47.
2273 1953 2360 2004 48.
2387 1955 2474 2005 58.

1549 2043 1638 2095 96.
1672 2043 1788 2093 120.
1823 2043 1937 2095 122.
1976 2043 2090 2094 124.
2128 2042 2250 2093 126.
2284 2043 2347 2096 R.

1481 2152 1604 2204 ergo
1636 2146 1758 2186 tune
1786 2136 1872 2186 39.

1416 2219 1419 2220 ⁷
1483 2228 1682 2295 expetit
1709 2226 1849 2278 nihil
1877 2227 1965 2278 58.

1481 2319 1731 2386 exprimit
1760 2319 1805 2368 A
1837 2317 1876 2368 Β
1896 2317 1938 2368 O
1957 2317 1998 2367 E
2033 2335 2068 2365 α
2096 2317 2181 2371 11.
2202 2319 2287 2370 58.
2305 2320 2388 2371 65.
2411 2318 2473 2367 V.

1481 2410 1792 2477 exprimitur
1819 2427 1875 2472 y.

1479 2504 1738 2572 expetitu·
1766 2499 2054 2567 eademque
2085 2500 2147 2551 R.

1480 2608 1629 2645 otuu
1657 2603 1810 2661 atque
1838 2609 1981 2644 suma
2017 2592 2143 2659 (eet)
2185 2591 2273 2642 10.

1909 2728 1939 2793 §
1978 2729 2066 2781 49.

1477 2878 1628 2935 etque
1661 2868 1819 2918 etiem
1848 2867 1960 2917 sine
1984 2866 2341 2917 monumentis
2369 2883 2474 2917 non

1546 2969 1722 3027 suapte
1756 2958 1819 3008 Ε.

1475 3067 1584 3102 non
1616 3060 1792 3117 suapte
1831 3048 2149 3107 ABDoess
2183 3066 2214 3110 γ
2251 3047 2348 3097 δε
2388 3047 2469 3097 10.

1547 3143 1630 3192 11.
1659 3142 1745 3193 39.
1786 3140 1874 3192 58.
1913 3140 2002 3191 65.
2041 3137 2155 3188 124.
2189 3137 2305 3189 126.
2353 3137 2470 3188 127.

1546 3232 1590 3283 R
1626 3233 1691 3283 V.

1474 3323 1957 3392 virtusexpenditur
1969 3322 2059 3373 AB
2074 3321 2115 3374 C
2131 3322 2172 3373 E
2192 3322 2368 3374 11.48.
2384 3322 2473 3373 65.

1472 3415 1674 3465 virtutis
1703 3416 1962 3483 expetitur
1994 3432 2048 3464 α.

1472 3515 1799 3574 expeteretur
1834 3504 1915 3556 10.

1474 3606 1652 3665 suapte
1682 3604 1860 3646 natura
1885 3597 2049 3646 virtue
2079 3600 2121 3656 β
2153 3596 2241 3647 47.
2268 3595 2353 3646 48.
2381 3595 2469 3646 96.

1547 3686 1660 3737 120.
1701 3685 1819 3737 122.

1474 3795 1575 3828 une
1614 3776 1763 3845 (erit)
1797 3776 1883 3828 65.

1477 3868 1688 3936 (virtue)
1720 3868 1810 3919 58.

1473 3961 1738 4026 virtusque
1768 3957 1964 4010 malitia
2000 3959 2058 4010 B.

1475 4067 1577 4101 une
1608 4060 1743 4101 esset
1770 4048 1932 4099 v'irtus
1966 4059 2116 4117 utque
2149 4050 2344 4099 malitia
2376 4048 2430 4096 δ.

422 4146 487 4197 nit
528 4148 583 4197 in
612 4161 674 4197 ee
701 4158 910 4210 quoque
945 4140 1175 4210 reliquae
1202 4144 1419 4197 virtutes
1474 4143 1637 4194 virtus
1666 4151 1819 4211 atque
1853 4140 2050 4191 malitia
2084 4139 2146 4192 C.

491 4257 523 4301 y
554 4238 645 4287 39.
680 4233 744 4284 V.

1468 4236 1640 4287 xitius
1668 4244 1717 4285 et
1748 4232 1939 4285 malitia
1973 4230 2030 4281 Ε.
