3131 5032
1109 399 1252 467 Lm.
1298 400 1430 478 111,
1483 408 1558 482 9,
1609 405 1713 466 22.
2270 406 2399 472 615

433 607 899 687 disputationem
945 605 1244 685 pertineat
1296 605 1464 666 locus
1503 604 1665 665 Orat.
1718 603 1828 681 62,
1880 604 2002 666 210
2029 653 2047 683 ,
2099 627 2222 670 non
2264 630 2398 671 me-

427 711 613 788 mini3
668 711 773 770 sed
820 709 906 768 ibi
943 707 1134 790 (quod
1168 709 1363 769 obiter
1398 705 1561 788 dico)
1596 706 2025 785 corrigendum
2066 730 2191 771 eme
2224 734 2394 794 saepe

425 834 660 888 sumus,
726 833 838 892 pro
871 814 1213 892 saepissime
1263 832 1494 886 sumus,
1539 811 1644 868 vix
1678 810 2091 872 admonitione
2124 813 2396 894 indiget:

428 915 509 976 cf.
576 916 772 975 simile
821 914 1113 975 mendum
1178 912 1663 974 animadversum
1723 932 1901 992 supra
1953 933 2017 992 p.
2076 915 2223 976 462:
2290 937 2398 979 su-

421 1018 703 1097 perlativi
745 1016 1090 1077 terminatio
1137 1017 1222 1076 sic
1273 1034 1450 1094 saepe
1483 1014 1755 1074 adhaesit
1795 1033 1869 1078 ex
1920 1016 2181 1094 proximi
2218 1037 2402 1079 voca-

422 1119 556 1181 buli
580 1117 994 1179 similitudine.
1012 1117 1283 1193 —Quod
1313 1136 1450 1178 mox
1477 1117 1692 1194 optimi
1717 1116 1859 1175 libri
1880 1116 2135 1195 babent,
2161 1141 2394 1182 necesse

420 1223 658 1302 quidem
700 1220 833 1303 (nec
885 1242 1007 1280 esse
1059 1221 1351 1300 quidem),
1401 1219 1468 1278 in
1509 1219 1657 1278 vitio
1704 1238 1829 1278 esse
1868 1221 2186 1298 probatum
2220 1242 2391 1285 nuno

420 1331 506 1386 est
549 1343 664 1404 per
701 1330 1041 1383 accuratam
1075 1321 1358 1400 Madvigii
1389 1321 1857 1399 disputationem
1890 1322 1956 1382 in
1991 1323 2233 1386 Excurs.
2271 1325 2385 1389 111.

420 1426 497 1488 ad
549 1426 678 1486 Pin.
725 1446 787 1504 p.
825 1424 946 1485 822
992 1443 1151 1503 ηιμ
1213 1424 1317 1484 aed
1368 1425 1494 1502 ipsa
1544 1425 1894 1485 coniunctio
1954 1427 2390 1488 vocabulorum

421 1527 700 1608 (necesse)
740 1536 803 1588 et
842 1543 1082 1587 causam
1122 1534 1183 1586 et
1226 1526 1674 1586 excusationem
1712 1527 1980 1586 continet
2018 1530 2256 1590 erroris.

501 1630 546 1712 §
584 1629 684 1691 22.
766 1633 898 1690 sine
932 1631 1057 1689 ulla
1091 1650 1190 1710 spe
1235 1627 1414 1711 hona)
1492 1629 1623 1690 Non
1665 1636 1795 1689 erat
1825 1629 1993 1709 quod
2031 1633 2212 1692 unius
2246 1632 2392 1692 libri

421 1732 777 1794 auctoritate
824 1731 1105 1792 Schutzio
1154 1740 1216 1791 et
1270 1730 1494 1791 Mosero
1532 1731 1892 1810 probaretur
1923 1734 2135 1813 specie.
2218 1733 2389 1795 Verr.

418 1836 553 1896 Act.
593 1835 655 1909 1,
698 1834 806 1910 14,
849 1833 963 1909 42,
1004 1855 1086 1893 an
1136 1837 1244 1894 iste
1294 1854 1573 1913 umquam
1614 1834 1684 1894 de
1727 1856 1789 1896 ss
1831 1836 2043 1894 bonam
2086 1857 2246 1916 spem
2279 1838 2392 1898 Ιια-

417 1937 641 1997 lun‘sset
668 1968 769 1997 —.
849 1921 1031 1997 Tacit.
1057 1936 1217 1996 Ann.
1237 1936 1327 2011 11,
1375 1937 1479 2011 15,
1519 1937 1688 1996 nulla
1722 1936 1876 1996 hona
1909 1957 2040 2017 sps,
2081 1957 2158 1998 ex
2189 1958 2391 2001 corre-

418 2040 618 2100 ctione
672 2038 940 2099 Ernesti:
994 2038 1155 2098 conf.
1207 2038 1366 2099 Cort.
1421 2038 1500 2098 ad
1548 2039 1760 2100 Suluet.
1802 2039 1940 2118 lug.
1975 2040 2173 2116 XLIV,
2208 2044 2284 2118 2,
2325 2051 2390 2103 et

415 2141 483 2204 11.
536 2142 871 2221 Stephanus
915 2140 1280 2202 Schediaum.
1317 2140 1416 2218 IV,
1451 2140 1562 2218 25,
1607 2149 1772 2202 recte
1811 2143 2162 2204 interiorem
2200 2144 2386 2206 huius

415 2245 713 2305 formulae
753 2262 992 2304 sensum
1031 2243 1360 2321 explicans.

496 2348 704 2417 futura
744 2345 977 2403 reddero
1000 2346 1203 2423 potuit
1237 2345 1503 2423 impurae
1542 2344 1745 2404 beluas
1784 2346 2097 2406 multorum
2133 2350 2384 2430 inflam-

414 2459 607 2508 matus
625 2444 973 2529 furoribus)
1052 2444 1227 2519 Quod
1259 2444 1361 2503 edi
1396 2445 1546 2507 solet
1567 2492 1583 2521 ‚
1611 2448 2029 2526 furor'edero,
2070 2451 2386 2514 manifesto

411 2558 500 2612 est
550 2569 624 2609 ex
659 2549 1032 2609 correctione
1081 2548 1148 2606 in
1185 2547 1610 2609 recentissimis
1640 2546 1840 2605 libris:
1883 2547 2110 2628 reliqui
2142 2563 2383 2614 servant

409 2661 539 2712 tum
589 2654 799 2723 futura
816 2696 835 2726 ‚
893 2658 1025 2709 tum
1079 2650 1177 2709 vel
1233 2649 1464 2708 reddere
1481 2694 1500 2724 ‚
1561 2649 1661 2709 vel
1712 2650 1913 2709 sedare
1929 2695 1948 2725 ,
2007 2652 2105 2711 vel
2139 2655 2379 2734 federa.

408 2752 525 2814 Sed
580 2762 649 2813 ut
687 2754 754 2812 in
785 2752 893 2811 illa
927 2752 1298 2811 correctione
1334 2749 1582 2811 difficile
1616 2758 1707 2811 est
1735 2770 1858 2811 non
1892 2754 2148 2830 probare
2178 2757 2342 2817 edere
2356 2805 2377 2836 ,

404 2863 651 2935 propter
703 2853 973 2914 anteced.
1026 2865 1250 2936 strages
1301 2854 1491 2914 edidit
1505 2900 1525 2930 ,
1585 2855 1667 2914 ita
1702 2855 1878 2916 nullo
1910 2856 2090 2918 modo
2122 2860 2377 2921 concedi

401 2977 518 3019 nec
545 2958 848 3031 Ciceroni,
882 2975 996 3016 nec
1030 2958 1315 3035 cuiquam
1342 2957 1448 3016 alii
1475 2965 1697 3036 potest,
1730 2965 1797 3016 ut
1830 2958 2269 3042 dicatur-juror
2291 2995 2374 3009 -
2412 2948 2415 2949 ’

399 3063 712 3121 multorum
764 3061 1170 3139 inflammatus
1201 3061 1560 3139 furoribus:
1619 3079 1698 3119 ne
1749 3061 1924 3120 mulli
1970 3064 2221 3141 quidem
2277 3067 2373 3127 illi

391 3164 499 3243 qui
531 3163 687 3238 sint,
728 3161 1023 3240 intelligo.
1107 3162 1293 3221 Recte
1311 3161 1477 3221 Verr.
1514 3161 1582 3236 V,
1617 3160 1734 3237 62,
1780 3164 1924 3240 161,
1964 3168 2374 3245 inflammatus

387 3270 595 3327 scelere
645 3278 703 3326 et
754 3269 993 3346 furore:
1047 3265 1151 3325 sed
1189 3266 1326 3344 quis
1358 3280 1653 3343 umquam
1685 3267 1977 3346 inflatum.
1998 3270 2369 3347 furoribus?

387 3370 808 3452 Inflato-matus
824 3369 1014 3449 furor·
1043 3366 1271 3427 locutio
1299 3373 1387 3426 est
1419 3365 1675 3426 inventa
1699 3366 1777 3425 ab
1804 3377 2052 3429 auctore
2076 3371 2365 3435 orationis

385 3493 497 3551 pro
547 3472 733 3533 Domo
770 3474 883 3547 55,
930 3471 1076 3547 141,
1132 3488 1321 3550 quam
1366 3470 1505 3550 quie
1543 3470 1870 3549 probabit?
1951 3472 2360 3536 Nihilominus

382 3575 536 3635 haec
574 3583 642 3634 ut
674 3595 845 3649 sana,
879 3577 1037 3634 sicut
1067 3574 1168 3634 edi
1198 3573 1418 3647 solent,
1449 3572 1727 3651 apposuit
1760 3572 2007 3634 Beierus
2032 3574 2111 3634 ad
2138 3575 2356 3656 fragm.

382 3677 447 3734 in
483 3675 649 3736 Clod.
687 3684 750 3735 et
782 3674 923 3736 Cur.
953 3675 1086 3736 init.
1123 3696 1184 3755 p.
1221 3676 1322 3736 90.
1351 3695 1415 3735 a:
1459 3693 1619 3753 quae
1647 3674 1837 3736 lectio
1871 3676 1922 3735 si
1958 3679 2122 3736 tueri
2157 3698 2222 3739 se
2253 3700 2357 3742 vo·

379 3778 497 3854 let,
527 3776 781 3856 recipiat
815 3796 1053 3837 necesse
1091 3787 1179 3837 est
1210 3800 1286 3839 ex
1319 3798 1444 3838 nno
1478 3778 1793 3858 alteroque
1825 3779 1986 3841 libro
2017 3783 2354 3863 inflamma·

379 3882 460 3942 tis
476 3927 494 3956 ,
561 3882 611 3941 si
660 3889 865 3939 tamen
902 3882 1148 3961 furores
1207 3882 1572 3961 inflammati
1623 3889 1789 3941 recte
1844 3881 2157 3944 dicuntur.
2257 3887 2348 3948 Ita

375 4003 618 4063 prorsus
662 3982 823 4041 nihil
872 3982 1147 4061 reperio,
1205 4003 1329 4063 quo
1370 3985 1917 4063 corruptissimum,
1960 3996 2030 4046 ut
2064 3988 2219 4048 mihi
2252 3990 2350 4049 vi-

375 4087 592 4164 detur⁴
652 4086 858 4148 locum
908 4086 1256 4147 defendam.
1335 4086 1543 4148 Dicam
1562 4134 1579 4162 ‚
1640 4088 1791 4166 quid
1845 4092 2309 4169 excogitaverim
2329 4140 2346 4170 ,
