3131 5032
588 1294 676 1346 52.

589 3337 678 3390 5³.

1682 474 1773 544 28

752 691 902 758 titia
948 686 1090 757 dici
1129 687 1413 785 potest?
1510 684 1707 775 Quid
1749 685 1967 782 ergo?
2018 708 2179 773 eoS‚
2226 686 2355 783 qui
2393 686 2694 783 siugulis

745 809 933 877 vitiis
975 806 1366 896 excellunt,
1412 818 1539 878 aut
1578 808 1793 877 etiam
1830 802 2193 904 pluribus,
2244 817 2547 902 propter
2576 805 2697 878 da-

744 950 944 1015 mna,
994 939 1116 998 aut
1162 927 1622 1014 detrimenta,
1672 937 1797 996 aut
1844 927 2203 996 cruciatus
2245 922 2525 1019 aliquos
2567 927 2699 996 mi·

737 1069 934 1117 seros
967 1069 1119 1117 esse
1153 1045 1487 1134 dicimuS,
1521 1068 1613 1117 an
1639 1057 1938 1144 propter
1957 1047 2105 1113 vim
2138 1041 2695 1141 turpitudinem-

741 1190 889 1262 que
928 1165 1313 1237 vitiorum?
1359 1163 1559 1260 quod
1603 1167 1777 1234 item
1814 1159 1905 1235 ad
1946 1165 2376 1235 contrariam
2409 1162 2697 1235 laudem

746 1288 820 1353 in
854 1288 1120 1355 virtute
1153 1283 1295 1356 dici
1328 1296 1586 1382 potest.
1667 1283 1847 1355 Nam
1880 1285 1943 1353 si
1968 1290 1988 1329 ¹
2037 1296 2337 1381 propter
2370 1282 2540 1354 alias
2577 1308 2695 1355 res

746 1406 972 1474 virtus
1018 1406 1410 1502 expetitur,
1462 1401 1717 1474 melius
1752 1424 1906 1473 esse
1939 1399 2248 1497 aliquid,
2300 1425 2518 1497 quam
2550 1404 2697 1474 vir-

747 1534 1008 1614 tutem,
1051 1547 1338 1594 necesse
1378 1536 1508 1594 est.
1605 1523 2083 1593 Pecuniamne
2129 1524 2389 1619 igitur,
2437 1546 2530 1595 an
2567 1520 2700 1593 ho-

749 1665 963 1713 nores
975 1695 997 1732 ,
1060 1666 1151 1714 an
1206 1640 1543 1732 formam,
1606 1664 1698 1713 an
1756 1638 2288 1711 valetudinem?
2350 1664 2540 1737 quae
2591 1654 2696 1732 et,

748 1785 978 1857 quum
998 1761 1289 1851 adsunt,
1308 1786 1657 1861 perparva
1678 1772 1876 1847 sunt,
1900 1774 1972 1831 et
1990 1758 2336 1856 quamdiu
2359 1757 2698 1834 adfutura

744 1884 915 1971 sint,
939 1895 1215 1953 certum
1241 1884 1410 1952 sciri
1440 1879 1642 1950 nullo
1676 1877 1895 1950 modo
1927 1892 2196 1978 potest:
2225 1904 2350 1969 an,
2379 1877 2455 1952 id
2492 1879 2701 1978 quod

743 2003 1230 2097 turpissimum
1272 1997 1473 2071 dictu
1506 2013 1646 2089 est,
1684 1997 2174 2097 voluptatem?
2210 2012 2281 2071 at
2310 2002 2387 2070 in
2420 2024 2502 2072 ea
2534 2004 2698 2097 qui·

748 2116 915 2189 dem
954 2118 1356 2218 spernenda
1385 2134 1459 2191 et
1498 2115 1939 2218 repudianda
1974 2121 2204 2189 virtus
2242 2119 2355 2191 vel
2391 2124 2698 2193 maxime

749 2241 1088 2310 cernitur.

844 2357 1239 2448 Videtisne,
1288 2371 1556 2456 quanta
1601 2361 1821 2430 series
1862 2381 2106 2429 rerum
2150 2361 2700 2431 sententiarum-

749 2502 894 2576 que
931 2482 1053 2571 sit,
1100 2494 1319 2576 atque
1363 2491 1445 2550 ut
1493 2502 1581 2551 ex
1628 2476 1768 2550 alio
1807 2476 1941 2551 alia
1974 2477 2402 2550 nectantur?
2497 2481 2697 2570 Quin

748 2597 1041 2671 labebar
1087 2598 1398 2695 longiuS,
1450 2600 1589 2669 nisi
1632 2621 1749 2669 me
1799 2600 2271 2670 retinuissem.
2369 2601 2457 2689 Q.
2527 2601 2699 2689 Quo

747 2718 1087 2791 tandem?
1182 2718 1522 2791 Libenter
1573 2720 1800 2809 enim,
1849 2714 2099 2809 frater,
2149 2743 2317 2790 cum
2359 2722 2493 2792 ista
2536 2743 2697 2793 ora-

746 2842 944 2910 tione
973 2847 1001 2885 ²
1057 2852 1297 2910 tecum
1345 2835 1782 2938 prolaberer.
1880 2839 1976 2908 M.
2047 2836 2158 2910 Ad
2199 2836 2699 2920 finemhono-

747 2985 906 3031 rum
925 3013 945 3050 ‚
980 2984 1131 3057 quo
1162 2956 1605 3048 referuntur,
1646 2971 1720 3030 et
1752 2959 1958 3030 cuius
1990 2981 2200 3030 causa
2240 2972 2409 3030 sunt
2435 2955 2700 3031 facien-

744 3078 834 3152 da
879 3083 1145 3151 omnia:
1199 3093 1729 3150 controversam
1780 3102 1934 3149 rem
1978 3092 2051 3150 et
2094 3077 2378 3177 plenam
2427 3077 2699 3150 dissen-

744 3202 966 3268 sionis
1001 3202 1192 3268 inter
1227 3196 1716 3286 doctissimos,
1766 3196 1894 3268 sed
1929 3197 2313 3294 aliquando
2350 3202 2494 3270 iam
2522 3207 2549 3246 ⁸
2589 3201 2698 3269 iu·

742 3316 1140 3390 dicandam.
1240 3319 1383 3389 Att.
1456 3320 1602 3406 Qui
1632 3320 1818 3389 istuc
1850 3316 2010 3389 fieri
2042 3332 2310 3418 potest,
2348 3323 2425 3390 L.
2459 3317 2695 3392 Gellio

740 3436 1081 3509 mortuo?
1142 3440 1238 3507 M.
1278 3436 1469 3527 Quid
1502 3435 1792 3510 tandem
1826 3436 1897 3508 id
1931 3437 2018 3509 ad
2049 3438 2243 3509 rem?
2310 3441 2452 3513 Att.
2493 3441 2696 3529 Quo-

739 3561 934 3630 niam
963 3561 991 3602 *
1044 3556 1345 3630 Athenis
1385 3556 1635 3630 audire
1680 3582 1768 3629 ex
1812 3556 2139 3630 Phaedro
2187 3583 2352 3633 meo
2395 3562 2690 3631 memini

740 3676 1051 3750 Gellium
1091 3675 1511 3750 familiarem
1553 3691 1793 3768 tuum,
1841 3703 2072 3775 quum
2108 3703 2240 3777 pro
2275 3678 2564 3752 consule
2600 3702 2691 3750 ex

741 3813 1076 3897 praetura
1120 3802 1194 3868 in
1239 3802 1612 3882 Graeciam
1653 3800 1992 3887 venisset,
2039 3798 2338 3872 Athenis
2376 3799 2698 3898 philoso-

805 4005 904 4012 ῃ
921 4007 934 4011 ..
955 4004 1175 4011 -φ--ᾘἫ
1187 4003 1434 4010 -”--“”

802 4102 818 4138 ¹
857 4100 1116 4152 Postremo
1164 4101 1225 4151 si.
1333 4101 1356 4137 ²
1402 4099 1465 4150 ad
1511 4102 1661 4151 imm
1703 4100 2005 4152 ontionem.
2114 4103 2136 4137 ³
2184 4099 2460 4169 aliquando
2500 4109 2697 4152 umen.

733 4187 753 4222 ἱ
791 4184 917 4254 Quia
954 4201 1056 4233 me.
