3131 5032
807 436 936 504 572
1470 433 1615 504 Lm.
1659 431 1762 518 11,
1811 435 1936 519 25,
1986 435 2093 502 62.

799 639 880 701 ad
912 640 1378 703 illustrationem
1409 641 1675 721 pertinet
1712 659 1927 701 eorum
1958 658 2118 720 quae
2156 659 2326 700 nunc
2355 638 2786 720 disputantur,

797 743 1043 804 videtur
1109 764 1234 804 esse
1295 745 1787 805 commemoratio
1805 789 1824 820 ,
1883 750 1954 802 ut
2004 763 2081 803 ex
2126 742 2336 802 sedula
2395 747 2785 823 grammatici

798 846 1113 908 cuiusdam
1161 848 1547 908 annotatione
1588 845 1932 925 profectum
1969 844 2330 906 existimem.

1526 1049 1802 1118 CAPUT
1841 1049 2037 1117 XXV.

879 1268 1081 1316 nostra
1119 1255 1283 1336 iura)
1351 1256 1581 1335 Nempe
1604 1276 1692 1317 ιιι
1721 1257 1841 1317 tab.
1901 1257 2356 1318 Accommodcn'
2379 1259 2422 1319 i.
2450 1279 2507 1319 e.
2534 1259 2771 1319 ostendi

792 1379 867 1420 ea
896 1358 1227 1420 convenire
1261 1378 1404 1419 cum
1433 1367 1670 1420 natura.

875 1476 945 1524 ut
991 1475 1208 1525 eeteros
1259 1462 1510 1545 sumtus)
1610 1464 1878 1522 Alteram
1928 1463 2249 1523 lectionem
2267 1508 2288 1539 ,
2328 1466 2510 1525 ceteri
2544 1463 2766 1543 (Genit.

792 1564 1043 1645 singul.)
1092 1564 1342 1626 delendi
1404 1585 1527 1625 non
1584 1584 1754 1643 posse
1809 1570 1979 1643 puto.
2075 1563 2264 1638 Nam,
2327 1571 2392 1622 ut
2438 1563 2762 1623 concedam

794 1679 1047 1729 ceterum
1071 1680 1329 1728 sumtum
1356 1675 1523 1727 recte
1547 1666 1702 1742 dici,
1730 1674 1936 1725 tamen
1961 1664 2021 1725 h.
2043 1665 2087 1725 l.
2109 1664 2346 1743 singula
2375 1665 2762 1744 intelligenda

793 1780 964 1847 sunt,
995 1772 1065 1830 in
1093 1771 1317 1849 quibus
1342 1778 1575 1831 sumtus
1607 1768 1742 1829 fieri
1769 1774 2020 1848 poterat.
2079 1767 2203 1842 Sic,
2232 1787 2427 1847 quum
2457 1789 2593 1830 mcx
2616 1769 2765 1830 dicit

791 1895 938 1953 quos
969 1875 1049 1933 ad
1079 1885 1307 1933 sumtus
1321 1918 1341 1947 ‚
1381 1893 1502 1933 non
1533 1872 1614 1931 ab
1642 1892 1801 1947 uno,
1844 1869 1950 1930 sed
1981 1889 2017 1929 a
2044 1869 2299 1930 diversis
2331 1871 2518 1932 factos
2546 1873 2763 1933 intelli·

788 1976 912 2054 git:
957 1976 1294 2054 eodemque
1347 1974 1561 2049 modo,
1615 1972 1760 2033 dein
1781 2020 1800 2051 ,
1847 1983 2074 2032 sumtus
2114 1984 2170 2031 ee
2208 1973 2432 2033 luctum
2460 1995 2759 2035 removere.

792 2078 1021 2138 Ceteros
1064 2087 1292 2136 sumtus
1334 2095 1445 2153 per
1485 2076 1908 2136 attractionem
1950 2076 2017 2134 in
2051 2080 2326 2137 Accusat.
2361 2085 2425 2137 et
2459 2077 2760 2139 Infinitive

786 2177 1012 2237 dicitur
1029 2222 1047 2251 ‚
1075 2176 1398 2236 subaudito
1428 2179 1685 2237 cosroen·
1698 2223 1716 2252 ‚
1746 2184 1994 2257 propter
2021 2197 2151 2257 sqfl.
2166 2223 2186 2254 ,
2219 2181 2613 2260 sepulc-ronam
2640 2201 2756 2240 mo·

782 2281 926 2341 dum
973 2282 1220 2360 requiri.
1304 2279 1609 2358 Frequens
1662 2279 1768 2340 illa
1819 2281 2095 2341 attractio
2129 2281 2194 2340 in
2235 2282 2755 2344 enunciationibus

784 2384 1268 2462 comparationis.
1348 2382 1514 2442 Sulla
1554 2382 1757 2460 legem
1797 2402 1834 2442 a
1866 2402 1930 2441 se
1965 2384 2147 2442 latam
2184 2384 2469 2462 migrasse
2503 2385 2752 2446 traditur

783 2488 853 2547 in
888 2485 1108 2549 funere
1142 2485 1446 2546 Metellae:
1490 2484 1650 2545 cons.
1682 2483 1987 2546 Plutarch.
2023 2485 2171 2547 Sull.
2189 2505 2253 2566 p.
2273 2486 2412 2548 474.
2432 2488 2496 2549 Β.
2517 2487 2753 2567 Pighius

783 2588 947 2650 Anu.
983 2591 1045 2650 T.
1088 2589 1217 2665 111,
1261 2609 1321 2667 p.
1360 2587 1499 2649 263.
1541 2608 1630 2667 sq.
1710 2587 1906 2647 Minus
1957 2587 2283 2666 diligenter
2315 2588 2750 2650 Kirchmannus

783 2694 935 2753 Fun.
982 2692 1109 2767 111,
1164 2691 1258 2752 16.
1310 2691 1482 2769 ponit
1528 2689 1755 2750 Romae
1790 2692 2207 2768 sepulcrorum
2250 2693 2747 2772 magnificentiam

784 2795 974 2855 nullis
1006 2794 1242 2873 legibus
1275 2793 1457 2852 fuisse
1489 2792 1840 2855 cohibitam.
1922 2792 2181 2854 Poenam
2206 2794 2344 2874 lege
2375 2797 2745 2856 constitutam

780 2897 991 2973 fuisse,
1022 2916 1144 2975 quo
1172 2904 1404 2956 sumtus
1433 2896 1497 2954 in
1527 2904 1921 2956 monumenta
1946 2905 2113 2955 certe
2135 2902 2593 2974 coercerentur,
2615 2897 2742 2958 satis

777 2998 1071 3079 significat
1119 2999 1327 3059 Cicero
1371 2999 1450 3059 ad
1482 2999 1607 3059 Att.
1640 2998 1791 3075 XII,
1832 2998 1949 3074 35,
1989 2999 2049 3059 2.
2090 2999 2206 3076 36,
2254 2999 2310 3061 1.
2390 3001 2511 3061 Sed
2544 3000 2739 3061 vicisse

775 3102 1022 3163 videtur
1049 3120 1320 3162 crescens
1353 3100 1763 3162 Romanorum
1797 3102 2061 3162 luxuria.

857 3207 928 3264 in
962 3205 1026 3265 C.
1065 3205 1278 3286 Pagala·
1304 3204 1569 3283 sepulcro
1599 3203 1821 3265 vidisse
1854 3205 2023 3265 credo
2053 3206 2366 3265 minimam
2393 3205 2501 3287 --)
2579 3202 2737 3281 Quod

776 3308 1016 3386 vulgari
1042 3307 1221 3382 solet,
1259 3306 1442 3366 vides.
1506 3307 1628 3367 Sed
1654 3307 1854 3383 credo,
1884 3315 1972 3367 est
1999 3306 2078 3366 de
2099 3307 2348 3368 Manutii
2374 3309 2736 3383 coniectura,

774 3429 961 3489 quam
1011 3409 1116 3468 vix
1169 3408 1326 3467 mihi
1378 3409 1727 3488 persuaderi
1777 3409 1973 3490 patior
2006 3410 2070 3468 in
2108 3410 2289 3490 Copp.
2325 3409 2479 3471 Vict.
2514 3414 2576 3473 b.
2611 3430 2736 3472 con·

774 3512 1022 3571 firmari.
1121 3510 1453 3573 Laudarem
1514 3513 1970 3587 coniecturam,
2027 3513 2078 3572 si
2139 3512 2309 3572 locus
2367 3522 2521 3574 esset
2584 3513 2735 3574 Coni.

773 3613 876 3673 sed
926 3612 1352 3672 adversativae.
1456 3614 1633 3673 Nunc
1676 3623 1827 3692 puto
1860 3613 2190 3693 legendum
2225 3635 2385 3692 esse,
2423 3648 2506 3663 —-
2540 3617 2736 3687 viden

773 3715 1056 3794 credoque
1106 3717 1419 3774 minimam
1468 3746 1568 3776 —-.
1621 3716 1789 3775 Illud
1806 3762 1823 3792 ,
1867 3716 2032 3797 quod
2069 3717 2294 3779 Manat.
2335 3720 2732 3800 excogitabat,

773 3816 1091 3878 transitum
1122 3815 1200 3876 ad
1231 3817 1401 3876 aliud
1446 3826 1877 3896 argumentum
1915 3820 2233 3882 indicaret.
2259 3854 2339 3865 —
2374 3821 2505 3883 Mox
2523 3869 2542 3899 ,
2582 3820 2737 3902 quod

772 3920 1008 3981 Davisio
1057 3918 1373 3998 placebat,
1425 3922 1656 4001 ampla,
1714 3942 1826 4002 pro
1871 3925 2133 4004 exempla
2178 3923 2386 4006 (quam
2425 3926 2735 3987 lectionem

769 4024 1113 4104 complures
1162 4023 1242 4083 de
1313 4024 1466 4084 meis
1518 4044 1765 4105 quoque
1826 4026 2080 4105 habent)
2137 4046 2261 4088 non
2334 4029 2452 4088 nisi
2519 4028 2735 4089 scribae

771 4146 1037 4189 errorem
1079 4147 1204 4188 esse
1255 4135 1405 4205 puto
1437 4128 1607 4198 bene
1631 4137 1970 4190 correctum
2009 4129 2075 4189 in
2115 4128 2323 4190 Ambr.
2361 4133 2419 4206 β.
2458 4153 2509 4211 γ.
2548 4131 2732 4210 ampla
