3131 5032
1711 457 1807 532 46

784 672 1303 747 adhibento:
1357 695 1568 771 opes
1611 683 2096 743 amovento:
2140 675 2290 768 qui
2339 695 2581 745 secus
2625 674 2733 747 fa·

782 796 948 885 xit,
998 792 1209 865 deus
1264 795 1447 891 ipse
1497 789 1809 862 vindex
1863 793 2053 863 erit.

876 916 1358 1013 Separatim
1388 935 1634 984 nemo
1669 909 2063 984 habessit
2094 910 2309 983 deos
2339 936 2555 985 neve
2590 938 2733 986 no-

785 1060 932 1108 vos
1013 1033 1164 1108 sed
1232 1039 1386 1105 ne²
1477 1030 1868 1124 advenas,
1940 1035 2113 1104 nisi
2169 1031 2520 1131 publice
2584 1033 2736 1108 ad-

786 1160 1080 1227 scitos.

882 1276 1282 1345 Privatim
1320 1271 1682 1345 colunto
1726 1294 1950 1369 quos
1990 1273 2158 1343 rite
2190 1276 2277 1344 a²
2323 1269 2733 1371 patribus.

878 1390 1315 1488 Delubra⁸
1379 1388 1799 1481 habento,
1866 1389 2105 1462 lucos
2163 1393 2254 1461 in
2312 1394 2547 1490 agris
2603 1391 2736 1465 ba-

779 1513 1050 1587 bento
1100 1526 1186 1584 et
1239 1512 1511 1585 larum
1551 1508 1814 1583 sedes·

876 1636 1122 1704 Ritus
1170 1630 1554 1704 familiae
1588 1632 2109 1730 patriaque⁴
2148 1643 2568 1704 servante.

878 1755 1143 1826 Divos
1196 1765 1279 1825 et
1331 1776 1473 1824 eos
1528 1752 1683 1848 qui
1741 1748 2157 1822 coelestes
2212 1773 2554 1850 semper
2601 1750 2739 1825 ha-

778 1870 940 1943 biti
1021 1872 1422 1961 colunto,
1477 1884 1560 1942 et
1620 1868 1849 1941 ollos
1920 1893 2139 1966 quos
2208 1867 2425 1942 endo
2485 1870 2734 1943 coelo

777 1994 1089 2063 merita
1145 1990 1694 2081 locaverunt,
1753 1987 2237 2079 Herculem,
2288 1988 2736 2083 Liberum,

775 2110 1420 2210 Aesculapium,
1488 2112 1970 2198 Castorem,
2029 2109 2492 2202 Pollucem,
2540 2113 2735 2204 Qui-

775 2234 1097 2302 rinum:
1163 2243 1291 2303 ast
1342 2229 1550 2320 olla,
1607 2242 1972 2329 propter
2009 2254 2225 2327 quae
2270 2229 2539 2303 datur
2585 2231 2736 2304 ho·

775 2354 989 2422 mini
1039 2348 1525 2423 adscensus
1576 2351 1662 2420 in
1700 2349 2075 2439 coelum,
2107 2353 2522 2443 Mentem,
2556 2355 2738 2425 Vir·
2796 2429 2807 2439 ‚

775 2484 1079 2562 tutem,
1148 2473 1600 2561 Pietatem,
1648 2466 1977 2561 Fidem,
2027 2493 2509 2570 earumque
2566 2472 2737 2547 lau-

773 2588 972 2662 dum
1035 2583 1397 2664 delubra
1459 2604 1746 2662 sunto:
1827 2614 1983 2662 nec
2044 2590 2228 2665 ulla
2289 2596 2731 2665 vitiorum.

871 2714 1117 2784 Sacra
1147 2719 1176 2757 ⁵
1215 2711 1640 2784 solemnia
1678 2708 2100 2783 obeunto.

868 2835 1141 2905 Feriis
1201 2835 1489 2931 iurgia
1552 2835 2049 2922 movento⁸,
2109 2855 2422 2930 easque
2471 2835 2560 2903 in
2614 2830 2735 2905 fa·

771 2951 1020 3024 mulis
1065 2950 1491 3050 operibus
1543 2952 1917 3049 patratis
1964 2948 2384 3022 habento:
2434 2954 2734 3049 itaque

771 3085 870 3142 ut
905 3075 1025 3142 ita
1057 3069 1311 3143 cadat
1353 3073 1442 3140 in
1471 3072 1790 3143 annuis
1821 3067 2382 3142 anfractibus
2417 3068 2739 3143 descri-

774 3203 1015 3287 ptum
1086 3202 1308 3261 esto:
1372 3201 1850 3285 certasque
1905 3186 2209 3287 fruges
2263 3203 2736 3288 certasque

778 3306 1041 3380 bacas
1115 3306 1623 3380 sacerdotes
1703 3306 2060 3406 publice
2131 3307 2508 3381 libanto:
2568 3308 2738 3382 hoc

783 3430 1049 3501 certis
1087 3426 1550 3502 sacrificiis
1585 3450 1682 3500 ac
1719 3426 2070 3500 diebus:
2102 3430 2490 3526 itemque
2519 3429 2736 3503 alios

778 3548 880 3622 ad
917 3547 1098 3621 dies
1135 3548 1448 3622 uberta
1468 3563 1633 3622 tem
1665 3548 1928 3621 lactis
1959 3546 2530 3647 foeturaeque
2562 3575 2734 3623 ser-

778 3683 1068 3741 vanto:
1120 3668 1383 3766 idque
1430 3693 1538 3742 ne
1585 3671 2020 3740 committi
2066 3673 2369 3770 possit,
2409 3670 2509 3743 ad
2550 3694 2734 3744 eam

780 3813 957 3861 rem
994 3793 1422 3862 rationem
1451 3795 1480 3832 ⁷
1532 3814 1843 3861 cursus
1871 3813 2207 3862 annuos
2242 3790 2732 3864 sacerdotes

838 4091 858 4127 ¹
895 4089 1023 4140 sive.
1092 4088 1117 4126 ¹
1152 4085 1358 4139 colunto
1407 4094 1692 4137 constructa
1737 4101 1787 4135 a·
1876 4085 1902 4123 ⁸
1936 4084 2152 4140 delubra
2186 4087 2244 4138 in
2277 4086 2512 4141 urbibus.
2585 4090 2609 4128 ὁ
2644 4106 2750 4159 p...

762 4184 1024 4240 ttumque.
1097 4173 1121 4209 ⁸
1152 4171 1397 4224 vitiorum
1428 4185 1583 4221 ncta.
1654 4173 1679 4207 ⁸
1714 4179 2001 4221 amovento.
2074 4174 2096 4208 ⁷
2134 4171 2348 4223 ratione.
