3131 5032
737 467 867 535 292
1468 462 1611 529 Lm.
1661 462 1726 547 1,
1775 467 1851 547 3,
1898 468 1962 531 9.

820 671 864 754 §
905 670 965 733 9.
1046 682 1235 732 cetera
1252 715 1273 747 ,
1327 690 1477 749 quae
1527 670 1831 748 scripsisti
1868 669 2050 749 plura
2100 688 2280 747 quam
2323 671 2638 751 quisquam
2667 695 2703 732 e

741 771 982 855 noceo-is)
1080 774 1122 834 i.
1174 793 1211 833 e
1262 791 1421 852 quae
1470 772 1788 851 scripsisti,
1847 792 2005 851 quae
2053 772 2234 852 plura
2282 783 2458 852 sunt,
2516 796 2704 855 quam

741 881 976 958 scripsit
1007 879 1350 958 quisquam.
1429 875 1717 937 Eamdem
1765 876 2313 957 breviloquentiam
2347 897 2602 957 agnosco
2635 881 2705 939 in

741 983 870 1045 Fin.
920 983 979 1059 1,
1034 980 1145 1056 21,
1197 981 1307 1055 71,
1360 982 1419 1039 si
1463 982 1664 1040 omnia
1716 979 1851 1039 dixi
1891 979 2102 1039 hausta
2147 1002 2178 1039 ο
2204 983 2383 1061 sonte
2423 995 2706 1059 murae,

740 1087 784 1147 i.
833 1106 888 1147 e.
939 1085 989 1145 si
1040 1085 1277 1162 omnia,
1332 1101 1490 1162 quae
1536 1082 1696 1158 dixi,
1739 1082 1952 1143 hausta
1990 1090 2130 1142 sunt
2163 1106 2277 1141 -ε
2315 1104 2518 1163 neque
2552 1105 2706 1164 opus

744 1195 831 1249 est
880 1195 952 1246 ut
997 1186 1298 1265 cogitetur
1345 1183 1557 1244 hausta
1607 1205 1728 1243 esse
1739 1229 1758 1260 ,
1809 1183 1974 1263 quod
2013 1185 2145 1244 vult
2181 1184 2529 1265 Madvigius.
2611 1187 2707 1248 Ita

741 1289 948 1351 Plano.
989 1288 1022 1349 1
1038 1335 1058 1366 ,
1099 1287 1139 1349 3
1156 1334 1175 1364 ,
1217 1287 1440 1348 labores
1456 1333 1475 1364 ‚
1518 1308 1661 1367 quos
1695 1289 1764 1346 in
1796 1286 1907 1346 hac
1939 1309 2119 1348 causa
2162 1291 2411 1350 maiores
2443 1292 2708 1371 suscipio

744 1384 922 1474 quem
945 1393 1255 1475 iay-ceteris
1271 1437 1291 1468 ,
1330 1388 1375 1451 i.
1408 1408 1463 1451 e.
1503 1409 1655 1469 quos
1690 1390 1757 1447 in
1790 1390 1905 1450 hac
1939 1410 2118 1451 causa
2143 1393 2402 1473 suscipio
2418 1439 2438 1470 ,
2475 1394 2711 1473 quique

742 1478 1211 1603 maioressssept.
1306 1492 1479 1568 Quod
1532 1492 1900 1571 significatur
1954 1495 2153 1554 verbis
2184 1516 2362 1575 quam
2393 1498 2709 1577 quisquam

741 1620 774 1659 s
824 1588 1090 1674 nostris,
1135 1586 1528 1679 referendum
1596 1594 1840 1655 videtur
1891 1595 1970 1656 ad
2027 1595 2329 1658 Ciceronis
2391 1600 2705 1678 aequales:

743 1702 885 1762 Cato
918 1708 1085 1760 certe
1115 1699 1294 1779 plura
1328 1699 1637 1791 volumina
1672 1698 2039 1778 reliquerat,
2080 1700 2239 1761 conf.
2274 1701 2421 1761 Brut
2462 1701 2568 1778 17,
2602 1702 2706 1764 65.

740 1804 858 1866 Sed
890 1803 1100 1865 Catoni
1131 1802 1245 1882 ipsi
1270 1794 1642 1862 aemulatum
1676 1820 1801 1863 esse
1832 1802 2183 1864 Ciceronem
2214 1804 2281 1865 in
2306 1805 2425 1866 hoc
2452 1825 2709 1885 genere,

739 1908 1026 1970 coniicias
1057 1927 1094 1967 e
1130 1905 1331 1966 Plane:
1370 1904 1483 1982 27,
1523 1904 1622 1967 66.

821 2013 1126 2073 subsiciva
1177 2009 1462 2090 quaedam
1508 2006 1789 2090 tempora)
1851 2008 2046 2071 -Pron.
2081 2011 2367 2090 quaedam
2400 2010 2707 2072 adiectum

743 2115 976 2175 indicat
991 2161 1008 2189 ,
1049 2120 1198 2193 puto
1214 2157 1233 2188 ,
1276 2111 1606 2172 novitatem
1646 2113 2032 2191 metaphorae
2050 2159 2068 2189 ,
2112 2121 2181 2173 ut
2216 2122 2486 2194 tempora
2519 2116 2711 2176 subsi-

742 2219 880 2279 civa
920 2214 1324 2296 appellentur.
1405 2213 1554 2275 Ideo
1605 2214 1761 2274 infra
1812 2234 1943 2294 cap.
1986 2215 2059 2292 4,
2101 2215 2211 2293 13,
2253 2218 2606 2294 subsicivis,
2641 2230 2711 2279 ut

741 2322 869 2397 ais,
910 2319 1296 2399 imparibus.-
1347 2326 1409 2378 et
1444 2317 1604 2378 Orat.
1634 2317 1725 2394 II,
1768 2316 1885 2395 89,
1927 2317 2083 2395 364,
2123 2320 2447 2382 subsicivis
2488 2323 2711 2402 operis,

740 2435 809 2482 ut
862 2424 1068 2483 aiunt:
1127 2429 1190 2481 at
1238 2420 1368 2481 sine
1421 2420 1526 2480 illa
1578 2420 1840 2481 formula
1874 2420 2134 2501 Philipp.
2169 2422 2267 2500 11,
2309 2422 2381 2500 8,
2421 2423 2537 2501 20,
2577 2424 2713 2485 loco

740 2548 883 2589 cum
916 2525 1216 2607 praesenti
1249 2525 1673 2605 comparando.
1757 2525 1929 2600 Quod
1949 2524 2113 2586 Offic.
2137 2526 2232 2602 11,
2271 2527 2337 2603 1,
2373 2527 2447 2604 4,
2484 2528 2716 2589 dicitur

740 2631 1040 2693 scribendi
1074 2632 1260 2689 otium
1292 2650 1413 2688 non
1448 2640 1575 2688 erat
1590 2675 1609 2705 ‚
1650 2628 2039 2689 referendum
2077 2630 2156 2689 ad
2190 2631 2530 2692 ambitionis
2563 2639 2715 2692 tem·

741 2755 857 2815 pus
903 2742 967 2793 et
1012 2733 1090 2794 ad
1140 2732 1617 2813 philosophiam:
1678 2752 1802 2812 quo
1863 2732 1998 2793 loco
2055 2730 2365 2813 (quantum
2411 2737 2715 2817 superfus-

743 2850 837 2898 rat
885 2839 1209 2898 amicorum
1260 2848 1316 2897 et
1366 2837 1455 2894 rei
1498 2835 1776 2916 publicae
1810 2836 2187 2919 temporibus)
2217 2837 2452 2899 nullam
2485 2846 2716 2899 rectam

743 2961 997 3021 agnosco
1013 2940 1287 3021 syntaxin
1307 2986 1326 3017 ,
1357 2940 1474 2999 nisi
1501 2939 1741 3018 legatur
1757 2960 1830 2998 es·
1848 2941 2171 3000 amicorum
2195 2963 2303 2999 -ε
2333 2950 2498 3003 certe
2515 2941 2714 3003 nivin.

743 3047 811 3107 in
849 3046 1072 3106 Caecil.
1112 3043 1220 3120 13,
1263 3043 1372 3119 41,
1417 3062 1583 3102 omne
1622 3053 1881 3123 tempus,
1924 3043 2082 3122 quod
2109 3043 2262 3102 milas·
2287 3043 2361 3104 ab
2391 3047 2716 3105 amicorum

749 3151 1009 3231 negotiis
1060 3148 1253 3207 datur.
1334 3145 1450 3204 Sed
1497 3164 1922 3224 quaecumque
1962 3146 2094 3205 istie
2127 3147 2477 3225 compositio
2507 3147 2718 3208 verbo-

749 3272 890 3314 rum
925 3250 1315 3330 grammatica
1361 3247 1727 3310 defendatur
1743 3294 1761 3324 ,
1803 3269 1926 3308 non
1966 3249 2429 3310 concedendum
2462 3250 2720 3311 arbitror

748 3354 990 3429 Beiero,
1032 3366 1288 3433 tempora
1336 3352 1757 3432 interpretanti
1791 3353 2101 3432 pericula:
2144 3373 2348 3433 neque
2378 3354 2543 3414 enim
2575 3374 2722 3434 pro-

750 3457 883 3538 prie
918 3455 1185 3516 conditio
1212 3455 1547 3517 amicorum
1574 3464 1680 3515 aut
1707 3457 1799 3516 rei
1827 3456 2141 3535 publicae,
2183 3456 2289 3517 sed
2318 3457 2557 3535 negotia
2593 3457 2722 3536 ipsa

751 3569 1109 3639 tempusque
1160 3559 1235 3617 iis
1293 3559 1720 3620 destinandum
1737 3607 1756 3636 ,
1816 3560 1941 3620 diei
1997 3567 2276 3639 poterant
2337 3561 2719 3640 aliquantum

756 3664 875 3723 loci
925 3661 993 3744 (i.
1037 3683 1091 3723 e.
1149 3660 1459 3742 temporis)
1537 3662 1955 3743 philosophiae
2023 3663 2392 3742 relinquere.
2446 3696 2530 3708 —
2588 3661 2718 3724 Mox

753 3768 1050 3828 incurrere
1100 3767 1327 3826 dicitur
1381 3787 1492 3846 pro
1532 3768 1617 3827 ita
1657 3769 2013 3846 contingere
2045 3775 2108 3827 et
2148 3766 2458 3842 accidere,
2503 3775 2573 3826 ut
2604 3783 2719 3826 nec

757 3870 961 3931 dedita
1013 3890 1194 3949 opera
1252 3872 1721 3950 expetiverimus
1736 3916 1754 3947 ,
1797 3892 1912 3931 nec
1947 3871 2250 3951 principio
2290 3867 2719 3950 exspectaveri-

755 3994 891 4035 mus
924 3975 1021 4050 id,
1053 3973 1219 4054 quod
1238 3977 1534 4035 incurrere
1568 3974 1822 4035 dicitur:
1860 3995 1981 4054 qua
2013 3974 2248 4036 ratione
2277 3983 2340 4035 et
2366 3974 2504 4035 aliis
2529 3972 2718 4035 omni·

756 4075 872 4135 bus
907 4074 1053 4135 loeis
1069 4120 1087 4151 ,
1127 4074 1237 4154 qui
1272 4076 1495 4154 apponi
1524 4076 1753 4150 solent,
1788 4077 2313 4155 interpretandum
2344 4085 2459 4152 est,
2494 4083 2557 4138 et
2589 4074 2718 4135 Fin.

755 4179 818 4251 Ι,
865 4177 975 4252 19,
1016 4178 1114 4239 62.
