3131 5032
708 689 1154 767 coherari²
1221 715 1476 766 cesus
1524 694 1673 784 sit,
1739 693 1895 789 qui
1940 703 2237 765 coeret
2281 691 2665 793 populus

702 826 1028 904 creato,
1077 815 1335 912 eique
1378 817 1515 885 ius
1563 809 1972 885 coen-andi
2024 809 2249 885 dato.

793 934 996 1003 Cum
1021 931 1346 1033 populo
1371 928 1952 1030 patribusque
1975 929 2287 1029 agendi
2311 933 2449 1002 ius
2472 942 2661 1003 esto

685 1050 1034 1122 consuli
1102 1054 1497 1151 praetori
1563 1053 1980 1150 magistro
2048 1050 2361 1150 populi
2432 1052 2664 1146 equi·

697 1183 1072 1267 tumque,
1121 1173 1379 1269 eique
1425 1194 1683 1268 quem
1726 1183 2016 1270 patres
2052 1169 2436 1269 produnt
2470 1193 2662 1242 con-

694 1288 981 1361 sulum
1053 1288 1641 1389 regundorum
1714 1312 1970 1388 ergo;
2039 1288 2661 1387 tribunisque,

694 1432 919 1505 quos
977 1407 1149 1481 sibi
1204 1406 1510 1508 plebes
1561 1412 1974 1507 rogassit,
2032 1410 2166 1480 ius
2222 1423 2412 1481 esto
2464 1432 2659 1481 cum

690 1527 1097 1625 patribus
1143 1526 1492 1627 agendi3
1550 1526 1814 1600 iidem
1854 1525 1956 1600 ad
2000 1524 2381 1626 plebem,
2418 1526 2658 1624 quod

692 1668 955 1717 oesus
993 1648 1188 1737 erit,
1225 1642 1606 1718 ferunto.

790 1765 1023 1856 Quae
1067 1788 1258 1837 cum
1298 1763 1658 1865 populo,
1696 1788 2105 1861 quaeque
2134 1767 2224 1836 in
2257 1761 2661 1863 patribus

531 1890 621 1945 ¹¹·
691 1899 1096 1983 agentur,
1142 1883 1479 1959 modica
1519 1898 1818 1968 sunt0.‚
1871 1887 2271 1958 Senatori
2312 1888 2463 1982 qui
2498 1906 2658 1959 nec

691 2002 1653 2095 aderit,autcausa,aut
1675 2003 1927 2103 culpa
1953 2003 2395 2077 estozloco
2420 2026 2659 2078 sena·
2700 2090 2706 2097 ⁴

689 2134 832 2197 tor
877 2135 963 2194 et
1012 2121 1265 2196 modo
1314 2136 1595 2213 orato,
1637 2147 1940 2197 causas
1984 2122 2295 2223 populi
2329 2137 2655 2197 teneto.

791 2245 940 2315 Vis
975 2245 1059 2315 in
1099 2242 1436 2343 populo
1480 2241 1822 2335 abesto,
1861 2268 2018 2344 par
2053 2247 2436 2317 maiorve
2473 2256 2659 2343 pot·-

694 2374 927 2437 estas
983 2361 1181 2462 plus
1238 2361 1558 2435 valeto:
1618 2377 1749 2436 ast
1789 2362 2058 2461 quid²
2117 2362 2659 2437 turbassitur

693 2484 779 2558 in
813 2480 1188 2581 agendo,
1231 2480 1474 2556 fraus
1506 2486 1942 2556 auctoris⁸
1982 2496 2198 2556 esto.

790 2605 1353 2676 Intercessor
1419 2604 1545 2675 rei
1618 2601 1889 2676 malae
1959 2602 2371 2678 salutaris
2435 2604 2657 2673 civis

694 2733 904 2796 esto.

796 2841 966 2930 Qui
1002 2853 1257 2944 agent
1286 2841 1688 2938 auspicia
1714 2853 2154 2932 servante,
2182 2843 2493 2937 auguri
2514 2863 2661 2940 pu·

699 2959 935 3036 blico
994 2975 1401 3060 parento:
1450 2960 2004 3061 promulgata
2054 2963 2522 3061 proposita
2570 2964 2660 3032 in

700 3084 1046 3153 aerario
1095 3084 1444 3179 cognita
1496 3095 1851 3180 agunto,
1906 3084 2121 3153 nec‘
2173 3080 2372 3181 plus
2417 3104 2664 3178 quam

704 3197 812 3274 de
844 3198 1218 3298 singulis
1252 3197 1518 3273 rebus
1540 3199 1804 3274 semel
1829 3211 1859 3251 ⁸
1893 3200 2464 3292 consulante,
2494 3222 2666 3272 rem

706 3317 1124 3416 populum
1180 3316 1650 3410 ducentoss,
1685 3318 2011 3394 doceri
2060 3345 2104 3394 a
2156 3321 2669 3418 magistrati·

709 3437 870 3512 bus
906 3439 1462 3536 privatisque
1505 3443 1941 3539 patiunto.

808 3555 1276 3654 Privilegia
1308 3581 1416 3631 ne
1451 3560 1933 3656 irroganto:
1968 3555 2071 3631 de
2100 3559 2387 3656 capite
2422 3558 2669 3648 civia,

716 3677 893 3754 nisi
933 3699 1087 3775 per
1133 3679 1584 3750 maximum
1634 3680 2209 3769 comitiatum,
2266 3674 2668 3774 ollosque

717 3819 942 3894 quos
997 3819 1407 3869 censores
1459 3800 1545 3870 in
1598 3795 2003 3897 partibus
2044 3795 2358 3897 populi
2402 3794 2669 3869 locas·

719 3918 930 4007 sint,
978 3939 1080 3989 ne
1125 3912 1494 3989 ferunto.

781 4191 801 4227 ¹
829 4187 1042 4241 coecari.
1114 4186 1138 4227 ²
1166 4193 1242 4238 aot
1276 4184 1319 4238 ni
1346 4182 1496 4253 quid.
1573 4185 1598 4222 ⁸
1625 4179 1827 4236 actoris.
1899 4183 1925 4222 θ
1952 4196 2043 4234 ne.
2104 4182 2130 4220 ⁸
2157 4177 2339 4235 timul.
2387 4183 2414 4222 ⁸
2440 4176 2680 4236 donanto·
