3131 5032
784 453 918 521 350
1486 452 1631 520 Lm.
1681 453 1747 539 l,
1793 458 1871 539 9,
1918 456 2025 522 26.

778 662 909 743 ipso
957 659 1136 722 Libro
1171 657 1215 740 §
1252 658 1333 722 27
1375 667 1437 720 et
1479 658 1579 720 44.
1625 659 1731 722 fin.
1777 659 1908 721 rin.
1953 658 2063 738 IV,
2109 659 2216 736 13,
2255 659 2357 724 34.
2391 661 2498 724 fin.
2533 662 2739 728 Relin-

777 765 992 843 quitur
1042 762 1467 842 corrigendum
1514 762 1679 824 istud
1729 784 1839 824 nec
1888 766 2056 824 satis.
2155 763 2306 824 Nam
2356 765 2524 846 quod
2557 770 2738 830 multi

777 866 918 927 libri
939 866 1168 927 habent
1179 912 1198 943 ,
1226 868 1616 943 necessarias,
1634 886 1848 945 parum
1867 866 2179 928 commode
2204 866 2554 930 defenditur
2570 880 2736 934 certe

774 990 813 1030 a
864 970 1191 1031 Goerenzio
1207 1015 1225 1045 ‚
1284 968 1394 1048 qui
1448 969 1724 1048 exempla
1780 969 1954 1030 affert
1999 969 2261 1031 duorum
2296 971 2735 1037 adiectivorum

769 1073 901 1134 sine
945 1073 1165 1152 copula
1196 1091 1340 1132 cum
1380 1073 1562 1133 subst.
1600 1072 1947 1133 iunctorum
1963 1119 1983 1150 ‚
2022 1093 2285 1154 quorum
2320 1076 2734 1156 exemplorum

771 1175 1010 1237 diversa
1059 1177 1212 1237 ratio
1265 1183 1372 1236 est.
1470 1174 1716 1235 Beierus
1766 1176 1844 1237 ad
1894 1175 2060 1238 effic.
2111 1176 2244 1254 111,
2288 1179 2397 1257 19,
2444 1180 2564 1257 76,
2602 1188 2736 1262 ped

771 1300 880 1338 nec
915 1281 1096 1355 satie,
1121 1280 1447 1339 illustratas
1476 1276 1767 1338 excidisse
1792 1287 1995 1358 putat3
2030 1279 2395 1360 Madvigius,
2424 1283 2641 1363 postV.
2660 1284 2731 1346 l).

774 1382 842 1441 in
889 1382 1132 1443 Miscell.
1180 1383 1424 1444 observ.
1474 1380 1637 1459 apud
1681 1379 1973 1443 Mosei-um
1992 1428 2011 1460 ,
2053 1383 2131 1444 ad
2166 1381 2296 1445 Fin.
2330 1384 2382 1442 V
2396 1432 2416 1462 ,
2457 1386 2531 1446 21
2555 1433 2573 1463 ,
2615 1386 2730 1465 59,

773 1485 1017 1546 videtur
1057 1486 1248 1547 claras
1293 1486 1556 1546 inserere
1591 1485 1770 1547 velle.
1850 1485 1969 1546 Sed
2003 1507 2197 1567 quum
2230 1488 2381 1548 haec
2409 1488 2735 1570 disputatio

769 1590 1070 1669 pertineat
1093 1589 1172 1650 ad
1203 1587 1679 1650 commendanda
1702 1595 1956 1649 naturae
1982 1590 2277 1652 beneficia
2303 1593 2527 1672 quibus
2549 1592 2732 1660 hemo

767 1699 1012 1753 ornatus
1044 1699 1229 1768 esset,
1268 1711 1394 1751 non
1429 1690 1605 1750 decet
1637 1690 2001 1752 imminuere
2034 1692 2194 1754 hanc
2225 1687 2734 1774 praedicationem

771 1794 978 1855 addito
1038 1795 1175 1854 istas
1235 1793 1664 1873 intelligentias
1678 1841 1698 1872 ,
1755 1803 2178 1875 praeterquam
2234 1798 2401 1878 quod
2455 1800 2732 1862 obscum

759 1898 884 1958 sint
901 1945 917 1973 ,
958 1918 1039 1959 ne
1072 1898 1211 1958 satis
1242 1897 1492 1977 quidem
1534 1889 1724 1958 claras
1768 1918 1913 1959 esse.
1991 1898 2288 1979 Equidem
2323 1903 2591 1983 suspicor
2620 1925 2732 1967 nec

762 2003 912 2062 satis
944 2009 1299 2080 corruptum
1332 2009 1561 2062 exstare
1596 2001 1665 2060 in
1687 2000 2115 2081 antiquissimis
2144 2003 2328 2066 Codd.
2365 2025 2442 2066 ex
2472 2008 2716 2084 imm,

762 2103 931 2184 quod
965 2104 1162 2183 ipsum
1197 2104 1345 2164 olim
1379 2104 1561 2163 fuisse
1595 2103 2027 2183 interpolatum
2062 2105 2143 2166 ab
2175 2127 2248 2168 eo
2282 2110 2390 2188 qui
2427 2109 2732 2170 meminis-

763 2214 854 2268 set
882 2207 969 2268 sic
1003 2208 1141 2267 istas
1171 2207 1597 2285 intelligentias
1629 2207 1944 2287 appellari.
2025 2208 2228 2270 Potius
2256 2219 2462 2272 tamen
2494 2221 2580 2273 est
2596 2258 2615 2289 ‚
2657 2220 2729 2274 ut

762 2311 1137 2390 suspicemur
1182 2293 1544 2371 necessarias
1593 2310 1659 2371 h.
1694 2310 1739 2370 l.
1792 2311 2004 2373 eodem
2057 2314 2459 2393 corruptionis
2503 2335 2726 2395 genere

763 2413 1071 2490 laborare,
1113 2432 1235 2492 quo
1268 2413 1334 2472 in
1350 2413 1592 2492 Lagom.
1618 2412 1699 2475 39
1714 2421 1775 2473 et
1791 2412 1938 2476 Ven.
1956 2462 1975 2492 ,
2009 2415 2170 2476 infra
2187 2416 2247 2476 ΙΙ
2264 2462 2283 2492 ,
2324 2417 2394 2476 11
2415 2463 2434 2493 ,
2470 2417 2571 2479 28.
2588 2417 2719 2496 fin„

760 2518 870 2577 ubi
898 2537 1092 2597 quum
1119 2515 1344 2597 reliqui
1373 2537 1582 2577 omues
1612 2516 1875 2577 habeant
1899 2520 2120 2580 incerti
2147 2541 2320 2581 casus
2336 2567 2355 2598 ,
2395 2521 2492 2580 isti
2521 2543 2723 2583 necee-

756 2622 912 2680 sarii
963 2642 1166 2681 casus:
1225 2621 1431 2699 itaque
1484 2620 1817 2699 antiquitus
1865 2620 2045 2682 fuisse
2098 2641 2306 2683 veram
2359 2623 2722 2702 lectionem,

756 2721 859 2781 sed
913 2732 1119 2781 certas.
1169 2752 1250 2773 —-
1302 2719 1582 2780 Ceterum
1622 2741 1761 2809 ‘non
1792 2730 1943 2800 puto
1974 2723 2125 2784 haec
2159 2744 2195 2784 e
2229 2724 2565 2788 Stoicorum
2594 2725 2722 2789 diei

754 2823 1018 2904 potuisse
1077 2821 1373 2882 sententia
1389 2868 1408 2898 ,
1461 2822 1628 2903 quod
1692 2824 2028 2903 significare
2088 2826 2333 2887 videtur
2391 2827 2719 2908 Madvigius

755 2927 799 2989 l.
831 2947 918 3002 c.‚
959 2945 1075 2987 nec
1108 2926 1247 2987 satis
1279 2926 1594 3005 distinguit
1621 2926 1864 2988 Beierus
1895 2929 1938 2989 l.
1968 2948 2050 2990 c.:
2087 2949 2458 3011 quamquam
2492 2933 2560 2992 in
2589 2932 2717 2992 tali·

757 3029 871 3091 bus
904 3030 1111 3090 Cicero
1144 3030 1271 3109 ipse
1304 3037 1519 3091 nutare
1553 3030 1733 3090 solet:
1776 3051 1856 3091 ne
1888 3031 2046 3092 illud
2071 3032 2320 3112 quidem
2360 3034 2529 3115 quod
2560 3035 2718 3098 insta

753 3133 797 3216 §
829 3133 911 3194 30
947 3133 1174 3194 dicitur
1190 3179 1210 3209 ,
1252 3132 1331 3193 de
1363 3132 1661 3193 inchoatis
1693 3135 2108 3218 intelligentiis
2142 3156 2300 3216 quae
2329 3140 2614 3201 similitor
2648 3141 2719 3200 in

754 3240 1018 3298 omnium
1070 3238 1291 3298 animis
1334 3237 1786 3316 imprimuntur,
1826 3239 1875 3297 si
1916 3239 2083 3299 istius
2114 3239 2234 3300 loci
2269 3241 2589 3303 consilium
2620 3248 2717 3303 at-

754 3340 1059 3401 tendimus
1072 3384 1090 3415 ,
1131 3337 1210 3399 ad
1260 3338 1594 3399 Stoicorum
1643 3340 1935 3419 placitum
1984 3341 2373 3404 referendum
2406 3351 2512 3406 est.
2593 3344 2715 3406 Sed

753 3444 907 3505 haec
940 3444 1143 3503 minus
1174 3443 1481 3521 pertinent
1515 3442 1593 3504 ad
1622 3443 1807 3504 huius
1832 3444 1953 3505 loci
1982 3446 2552 3525 interpretationem.
2635 3448 2713 3510 In

757 3546 922 3605 illius
961 3544 1083 3606 loci
1127 3543 1256 3605 Fin.
1292 3543 1378 3621 V,
1418 3543 1536 3621 21,
1581 3544 1660 3607 59
1692 3547 2148 3622 constitutione,
2189 3568 2409 3627 quam,
2449 3567 2645 3628 quum
2678 3569 2716 3611 a

756 3648 1019 3708 Manutio
1084 3667 1208 3708 esse
1270 3646 1656 3726 crederetur,
1715 3649 2057 3710 confirmari
2118 3650 2301 3712 Codd.
2359 3654 2714 3715 auctoritate

758 3751 936 3812 docet
984 3750 1314 3830 Madvigius
1331 3797 1349 3828 ,
1405 3751 1679 3813 nondum
1731 3753 2074 3833 acquiscere
2128 3774 2384 3833 possum.
2464 3756 2711 3836 Legitur

754 3875 920 3916 nunc
937 3901 955 3932 ‚
994 3856 1097 3914 aed
1129 3857 1404 3915 virtutem
1435 3857 1628 3936 ipsam
1659 3856 2002 3930 inchoavi&
2041 3857 2201 3917 nihil
2231 3858 2505 3939 amplius.
2586 3858 2711 3919 Ite·

756 3982 867 4040 que
899 3971 1161 4019 nostrum
1191 3971 1276 4018 est
1301 3990 1383 4002 —
1410 3959 1490 4018 ad
1516 3981 1587 4019 ea
1609 3961 1922 4040 principia
1947 3993 2027 4005 —
2059 3963 2472 4040 consequentia
2507 3960 2711 4041 exqui-

750 4084 893 4124 rere.
974 4063 1271 4139 Quorsum
1298 4069 1501 4123 autem
1531 4062 1762 4144 ipsum?
1803 4080 1994 4140 quum
2025 4063 2178 4123 nihil
2209 4064 2285 4123 sit
2314 4063 2420 4125 cui
2452 4082 2710 4145 oppona-

757 4175 861 4226 tur
884 4167 1098 4227 virtus:
1128 4185 1244 4227 nec
1270 4164 1449 4226 video
1467 4185 1591 4245 quo
1614 4165 1912 4245 pertineat
1933 4166 2338 4229 concludendi
2364 4165 2712 4230 coniunctio
