3131 5032
1135 433 1276 500 Lm.
1325 433 1394 518 1,
1453 436 1561 519 13,
1611 440 1721 502 37.
2278 439 2409 507 383

525 640 844 724 expetenda
879 638 1195 719 duxerunt)
1273 638 1715 720 Recipiendum
1749 641 1867 703 hoc
1897 641 2019 703 fuit
2050 663 2196 723 prae
2220 645 2412 706 altero

447 747 740 806 dixerunt.
840 742 969 803 Pin.
1021 742 1084 802 11
1102 788 1119 818 ‚
1166 742 1239 803 13
1259 789 1277 818 ,
1321 743 1425 803 41:
1479 745 1832 825 voluptatem
1879 765 2000 805 non
2042 748 2210 807 modo
2256 770 2413 809 sum·

447 871 602 911 mam
621 896 640 926 ‚
695 848 799 908 sed
847 847 1033 906 solam
1082 849 1262 906 etiam
1311 846 1496 907 ducit.
1599 848 1802 926 Longe
1856 858 2061 910 autem
2108 851 2414 931 plerisque

446 953 595 1013 locis
644 960 906 1030 utraque
956 950 1138 1010 lectio
1188 969 1223 1009 e
1273 948 1457 1010 Codd.
1510 951 1853 1029 profertur,
1911 952 2016 1011 sed
2065 955 2230 1034 optio
2283 962 2415 1015 tum

447 1054 698 1116 aliunde
749 1052 1006 1132 pendet,
1048 1060 1180 1112 tum
1214 1071 1290 1112 ex
1324 1071 1433 1127 eo,
1473 1052 1640 1132 quod
1676 1055 1968 1114 sententia
2002 1064 2064 1114 et
2095 1058 2416 1117 consilium
2513 1111 2516 1115 ,

447 1159 752 1239 scriptoris
802 1156 1086 1236 postulat3
1147 1154 1665 1235 quemadmodum
1699 1156 1845 1216 fecit
1880 1158 1944 1217 in
1987 1158 2263 1220 Coeliana
2296 1161 2376 1221 32
2395 1206 2413 1237 ‚

448 1262 556 1338 78,
597 1260 926 1338 Madvigius
958 1259 1024 1318 in
1053 1259 1268 1337 Opusc.
1294 1278 1355 1337 p.
1393 1257 1511 1318 409
1529 1304 1547 1335 ,
1590 1257 1879 1339 idemque
1903 1270 2115 1322 contra
2141 1264 2417 1323 omnium

445 1364 742 1425 librorum
787 1361 1203 1422 auctoritatem
1249 1360 1579 1421 rectissime
1613 1362 1743 1422 dici
1774 1361 1968 1423 edidit
2002 1364 2130 1443 Fin.
2168 1365 2265 1441 ΙΙ,
2307 1366 2418 1443 27,

446 1468 566 1530 87:
601 1486 844 1542 rursus,
886 1463 1036 1525 ibid.
1074 1463 1205 1539 111,
1251 1463 1363 1539 19,
1405 1463 1521 1539 64,
1561 1464 1758 1523 edidit
1793 1467 1901 1525 illa
1941 1487 2057 1526 vox
2092 1468 2419 1528 inhumana

448 1582 506 1630 et
553 1571 833 1630 scelerata
878 1568 1135 1644 dicitur,
1194 1562 1399 1626 nescio
1452 1585 1597 1625 casu
1613 1613 1630 1643 ,
1673 1586 1754 1626 an
1786 1569 2064 1645 consilio,
2115 1571 2219 1630 sed
2253 1579 2418 1632 certe

447 1692 573 1733 non
609 1679 770 1731 recte
778 1695 796 1749 3
839 1670 1175 1750 requiritur
1205 1668 1373 1727 enim
1405 1667 1725 1728 manifesto
1759 1668 2023 1746 ducitur,
2067 1690 2260 1751 quum
2293 1692 2417 1733 non

447 1775 525 1835 de
574 1774 1012 1854 appellatione,
1052 1770 1159 1832 sed
1200 1769 1277 1830 de
1312 1790 1379 1829 re
1415 1777 1647 1849 agatur.
1727 1768 1875 1831 Ideo
1899 1790 2218 1851 perperam
2253 1773 2418 1835 Beie-

444 1898 548 1938 rus
579 1878 648 1937 in
682 1875 845 1937 Offic.
881 1875 911 1935 I
925 1921 944 1952 ‚
986 1873 1067 1934 20
1084 1919 1101 1949 ,
1144 1874 1257 1948 67,
1299 1872 1494 1932 edidit
1511 1876 1709 1954 sortis
1744 1876 1939 1933 animi
1972 1879 2290 1959 magnique
2327 1878 2417 1937 di-

444 1982 690 2042 cendum
746 1991 848 2040 eae.
947 1976 1108 2053 Quid
1152 1976 1418 2052 intersit,
1471 1976 1838 2056 intelligitur
1874 1997 1951 2037 ex
1983 1978 2025 2037 F
2027 1979 2111 2039 in.
2147 1979 2255 2056 IV,
2296 1980 2378 2041 20
2395 2027 2415 2056 ,

446 2084 525 2144 57
543 2129 562 2160 ,
601 2105 711 2144 nec
761 2102 896 2142 vero
949 2082 1199 2142 mium-is
1251 2080 1621 2139 aestimanda
1672 2079 1922 2140 ducebat
1953 2101 2024 2141 ea
2040 2127 2061 2158 ,
2101 2103 2252 2162 quae
2289 2085 2418 2164 ipse

446 2186 599 2245 bona
631 2194 870 2265 negaret
900 2203 1023 2242 esse
1041 2226 1061 2258 ,
1102 2201 1279 2261 quam
1316 2181 1416 2240 illi
1433 2226 1451 2257 ‚
1493 2182 1603 2260 qui
1648 2201 1719 2240 ea
1758 2182 1914 2242 bo'na
1949 2204 2069 2243 esse
2108 2183 2419 2246 dicebant.-

445 2288 513 2348 in
559 2288 783 2367 quibus
829 2287 1021 2346 dicere
1073 2292 1161 2344 est
1195 2282 1486 2362 affirmare
1503 2329 1522 2360 ,
1563 2284 1906 2363 oppositum
1942 2285 2127 2346 verbo
2164 2307 2415 2370 negar03

446 2410 563 2451 nec
626 2389 966 2451 audiendus
1030 2387 1391 2448 Goerenzius
1406 2431 1424 2462 ,
1483 2386 1596 2465 qui
1654 2387 2089 2465 interpretatur
2134 2401 2420 2469 statuere,

449 2493 615 2573 quod
664 2492 842 2575 (sieut
894 2490 1057 2552 Offic.
1109 2490 1176 2567 1,
1229 2489 1305 2565 2,
1362 2490 1426 2564 5,
1478 2489 1835 2569 voluptatem
1878 2512 2169 2551 stammam
2203 2493 2420 2553 bonum

445 2591 733 2673 statana)
766 2593 835 2650 in
865 2591 1193 2666 sententia,
1233 2609 1357 2649 non
1392 2590 1461 2647 in
1490 2590 1891 2668 appellatione
1939 2592 2184 2653 dicitur.
2266 2593 2417 2653 Rur-

446 2719 545 2759 sus
577 2704 788 2759 eontra
819 2715 1054 2771 omnes,
1079 2703 1150 2754 ut
1181 2692 1425 2753 videtur
1441 2738 1459 2769 ‚
1491 2693 1677 2753 libros
1703 2694 2032 2774 legendum
2059 2702 2147 2755 est
2176 2695 2339 2757 offic.
2358 2698 2416 2774 1,

447 2802 488 2861 2
507 2846 525 2877 ,
565 2800 643 2877 6,
682 2801 790 2880 qui
835 2800 1090 2857 maxime
1144 2797 1496 2856 honestatem
1517 2808 1762 2877 propter
1793 2820 1855 2857 se
1889 2797 2110 2858 ducant
2141 2812 2417 2879 expeten—

451 2904 606 2963 dam.
629 2934 713 2948 -—
736 2901 1072 2962 Deteriores
1094 2900 1240 2959 libri
1268 2899 1494 2959 habent
1525 2899 1836 2959 duxerint:
1877 2901 2122 2980 qualem
2159 2901 2418 2962 Coniun-

450 3007 682 3067 ctivum
710 3026 834 3065 non
859 3005 974 3065 nisi
1000 3012 1109 3066 aut
1133 3003 1386 3064 causalis
1414 3003 1743 3078 sententia,
1770 3010 1876 3062 aut
1901 3002 2170 3080 pendens
2197 3006 2416 3082 oratio,

449 3119 556 3170 aut
604 3109 940 3170 restrictiva
985 3107 1335 3169 enunciatio
1375 3107 1593 3185 recipit
1608 3153 1627 3183 ,
1668 3125 1791 3166 non
1836 3107 1984 3165 item
2017 3107 2271 3185 simplex
2307 3107 2421 3168 de-

446 3214 668 3289 finitio,
711 3220 783 3273 ut
810 3212 875 3273 h.
905 3213 948 3272 1.
976 3221 1038 3271 et
1069 3209 1234 3272 offic.
1265 3209 1391 3286 111,
1433 3208 1504 3284 4,
1544 3196 1647 3270 20ss
1676 3242 1759 3255 —
1786 3209 2066 3268 Ceterum
2098 3229 2418 3288 perperam

444 3318 705 3379 Mosei-us
755 3316 823 3375 in
877 3322 1000 3375 tota
1054 3315 1173 3374 hec
1223 3313 1652 3373 enunciatione
1694 3312 1787 3393 (ut
1837 3314 1923 3372 iis
1969 3314 2077 3391 qui
2104 3344 2189 3358 —
2217 3325 2418 3393 sponte

434 3420 656 3503 posset)
694 3427 902 3480 censet
936 3426 1055 3478 tres
1086 3416 1586 3497 philosophorum
1625 3415 1853 3475 scholas
1889 3414 2191 3493 designari
2210 3461 2229 3491 ‚
2271 3415 2417 3476 Stoi·

446 3544 655 3584 corum
675 3546 710 3601 ,⁴
750 3520 1113 3583 Academiae
1161 3519 1396 3599 primae
1413 3564 1432 3594 ‚
1482 3526 1543 3578 et
1588 3517 2145 3597 Peripateticorum.
2237 3517 2419 3579 Mani-

446 3627 666 3687 festum
714 3633 808 3687 ut·
852 3623 1040 3686 verba
1090 3624 1199 3703 qui
1231 3624 1433 3681 omnia
1459 3654 1541 3666 —-
1574 3621 1866 3680 duret-unt
1906 3620 2211 3698 praemitti
2250 3628 2319 3680 ut
2351 3620 2419 3681 in

446 3728 685 3808 generis
730 3727 1118 3803 definitione,
1171 3726 1425 3805 eiusque
1456 3724 1696 3803 generis
1729 3723 1879 3783 duas
1918 3723 2136 3783 formas
2167 3723 2419 3800 subiici,

444 3830 778 3890 Stoicorum
825 3831 955 3912 (aut
989 3830 1149 3888 nihil
1192 3861 1272 3873 -—
1308 3828 1604 3887 laudabile
1640 3838 1786 3886 esset
1801 3825 1846 3906 ,)
1886 3832 1948 3886 et
1979 3825 2416 3886 Socraticorum

444 3933 580 4013 (aut
614 3943 762 3992 cene
792 3965 875 3978 —-
892 3929 1144 4014 μακρὴ·
1185 3939 1248 3991 et
1281 3931 1366 3990 sic
1404 3929 1569 3990 Offic.
1606 3929 1649 3990 l.
1687 3949 1741 3990 c.

522 4035 755 4095 nullum
800 4035 1130 4096 habendum
1177 4055 1458 4116 magnum
1507 4030 1749 4113 bonum)
1840 4029 2079 4089 Talibus
2126 4030 2417 4108 exemplis

445 4139 837 4201 confirmatur
870 4138 1152 4218 Madvigii
1183 4138 1509 4215 correctio,
1552 4134 1616 4194 in
1651 4136 1784 4196 loco
1818 4132 1945 4192 Fin.
1976 4130 2101 4209 111,
2132 4130 2199 4208 1,
2229 4128 2307 4208 2,
2347 4142 2415 4190 ue
