3131 5032
1143 438 1288 506 Lm.
1333 438 1436 523 11,
1483 441 1609 523 23,
1656 444 1768 508 58.
2307 445 2438 512 565

469 646 711 706 virtutis
764 663 946 705 causa
1000 643 1298 702 tributum
1351 660 1478 702 esse
1524 638 1770 703 dicitur.
1869 641 1956 703 De
2008 643 2119 707 isto
2167 645 2400 709 honore
2416 693 2436 725 ,

462 750 573 828 qui
605 747 954 808 Publicolae
986 746 1229 807 habitus
1260 745 1371 822 sit,
1412 744 1570 803 nihil
1597 744 1785 804 tradit
1811 745 2016 804 Livius
2041 746 2131 823 11,
2178 748 2283 824 16,
2324 749 2434 809 sed

460 850 821 911 Plutarchus
869 849 1093 929 Poplic.
1162 847 1266 907 fin.
1382 846 1469 907 De
1528 847 1790 908 Tuberto
1852 847 2094 909 fortasse
2156 849 2438 913 dubitare

458 954 608 1014 licet
623 1000 641 1029 ,
681 955 838 1014 sitne
872 951 933 1014 P.
968 952 1304 1013 Postumius
1330 949 1625 1009 Tubertus
1657 950 2091 1029 intelligendus
2125 953 2205 1028 is,
2244 974 2434 1033 quem

457 1056 961 1136 wyttenbachius
1013 1054 1332 1115 indicavit:
1395 1061 1628 1113 constat
1674 1053 1841 1113 enim
1889 1073 1966 1114 ex
2000 1054 2208 1132 Livio,
2258 1056 2434 1117 Plut-

456 1158 642 1219 archo
667 1159 945 1237 aliisque
997 1166 1231 1217 tantum
1282 1156 1450 1214 hunc
1515 1155 1776 1215 abfuisse
1824 1175 1861 1215 a
1908 1154 2227 1235 splendide
2269 1166 2435 1237 gesta

454 1281 524 1322 re
555 1262 801 1341 publica
816 1306 835 1337 ,
876 1269 948 1320 ut
978 1259 1164 1319 huius
1196 1257 1355 1317 salus
1388 1257 1650 1317 aliorum
1686 1257 1915 1337 potius,
1958 1257 2022 1318 Ρ.
2050 1258 2430 1338 Publicolae,

455 1373 519 1424 et
551 1372 682 1443 post
727 1362 986 1424 Menenii
1031 1360 1245 1421 virtuti
1294 1358 1639 1419 deberetur.
1720 1360 1792 1420 A.
1831 1360 2202 1422 Postumium
2245 1363 2430 1425 fuisse

445 1473 619 1526 *vetat
648 1475 989 1544 temporum
1014 1463 1199 1538 ratio,
1239 1463 1469 1541 quippe
1498 1481 1683 1540 quem
1715 1462 2077 1523 Dictatorem
2106 1465 2184 1526 de
2207 1465 2432 1528 Volscis

457 1566 857 1647 triumphasse
908 1574 1138 1626 constat
1191 1565 1272 1626 20
1323 1573 1455 1643 post
1503 1566 1685 1625 latam
1732 1586 1819 1625 κη
1852 1565 2196 1627 tabularum
2230 1570 2430 1649 legem

457 1671 666 1730 annis:
726 1669 885 1730 conf.
936 1669 1141 1728 Livius
1187 1667 1302 1742 IV,
1345 1668 1462 1742 26,
1503 1687 1632 1746 sqq.
1715 1667 1921 1728 videri
1962 1671 2185 1748 poterit
2219 1672 2429 1734 Cicero

456 1773 657 1852 lapsus
688 1791 813 1833 esse
849 1772 914 1830 in
952 1770 1335 1850 explorandis
1365 1771 1703 1831 annalibus.
1786 1770 1992 1848 Certe,
2033 1773 2258 1851 quibus
2290 1784 2431 1837 ante

453 1896 543 1936 κη
575 1874 715 1936 Tab.
748 1873 1000 1953 insignis
1033 1893 1067 1934 a
1103 1873 1329 1953 populo
1360 1873 1531 1933 favor
1565 1874 1632 1932 in
1663 1871 1882 1933 funere
1915 1876 2262 1954 contigerit,
2303 1877 2430 1940 duo

454 1985 692 2037 tantum
756 1969 921 2056 apud
973 1975 1212 2036 Livium
1259 1983 1709 2050 memorantur,
1765 1976 2033 2056 Agrippa
2085 1979 2429 2059 Menenius,

453 2081 507 2140 is
557 2080 668 2160 qui
725 2078 973 2140 Tuberti
1036 2079 1267 2157 collega
1332 2079 1397 2137 in
1458 2078 1777 2139 consulatu
1842 2078 2079 2156 suerat,
2144 2080 2249 2163 (de
2305 2102 2431 2162 quo

452 2183 657 2243 Livius
688 2181 787 2257 11,
827 2182 908 2242 33
928 2226 945 2258 ,
986 2179 1118 2262 fin.)
1153 2188 1215 2240 et
1264 2179 1328 2240 P.
1364 2178 1639 2239 Valerius
1682 2178 1960 2241 Volusius
1995 2182 2121 2244 Cos.
2155 2182 2264 2265 (id.
2301 2185 2428 2262 111,

458 2284 573 2359 18,
629 2281 793 2362 fin.).
854 2291 1073 2342 neutro
1138 2290 1343 2341 tamen
1405 2282 1538 2341 loco
1597 2282 1944 2361 sepulturae
1999 2282 2160 2345 intra
2211 2286 2429 2348 urbem

453 2384 824 2446 mentionem
876 2380 1049 2459 fecit,
1098 2382 1262 2461 quod
1305 2391 1508 2441 tamen
1545 2384 1610 2441 in
1650 2382 1963 2444 Publicola
1996 2405 2243 2465 quoque
2275 2408 2435 2468 neg..

452 2486 706 2548 lexerat.

532 2591 777 2650 vinata
814 2609 996 2648 causa
1014 2633 1032 2663 ,
1073 2588 1257 2647 soluti
1287 2587 1542 2668 legibus)
1623 2586 1831 2648 Moneri
1871 2589 2314 2670 coniecturam,
2346 2624 2430 2640 --

451 2708 519 2756 ut
546 2695 610 2756 C.
631 2694 947 2754 Fabricius
981 2692 1224 2751 virentis
1257 2711 1438 2751 cama
1472 2692 1655 2751 soluti
1687 2704 1857 2767 sunt,
1899 2692 2143 2754 difficile
2172 2703 2262 2756 est
2289 2716 2427 2775 pro·

451 2798 616 2858 bare.
731 2796 973 2856 Solum
1040 2793 1268 2874 legibus
1330 2791 1558 2852 dicitur
1623 2811 1697 2853 ex
1756 2792 2019 2853 formula
2038 2840 2055 2870 ,
2117 2805 2187 2856 ut
2251 2796 2432 2858 docet

447 2897 778 2958 Ruhnken.
831 2895 909 2954 ad
959 2894 1202 2953 Sueton.
1260 2892 1486 2953 Caesar.
1535 2891 1630 2953 18.
1730 2893 1864 2954 Post
1901 2915 1986 2955 xn
2023 2897 2141 2956 tab.
2186 2917 2427 2959 necesse

449 3000 631 3060 fuisse
680 2996 925 3057 videtur
973 3014 1132 3054 nova
1184 2995 1319 3073 lege
1373 2995 1745 3073 sepulturam
1782 2995 1940 3057 intra
1974 2999 2190 3058 urbem
2220 3001 2427 3080 prohi-

446 3102 617 3179 beri,
659 3119 818 3180 quae
857 3118 892 3158 a
928 3098 1136 3158 Servio
1169 3097 1425 3157 Aeneid.
1460 3098 1539 3156 XI
1558 3143 1577 3172 ,
1619 3097 1741 3159 206
1760 3143 1778 3172 ,
1818 3099 2083 3160 refertur
2118 3102 2198 3162 ad
2232 3102 2424 3164 Duilii

443 3204 861 3277 consulatum,
902 3201 975 3261 A.
1013 3201 1079 3260 U.
1117 3199 1267 3275 494,
1309 3200 1498 3277 igitur
1533 3209 1665 3278 post
1700 3200 2070 3262 Fabricium:
2099 3224 2175 3264 ex
2204 3203 2419 3269 eodem

442 3307 835 3388 grammatico
881 3302 1282 3381 intelligitur,
1324 3304 1435 3381 qui
1479 3305 1663 3363 soluti
1696 3305 1925 3386 legibus
1959 3307 2247 3385 appellati
2281 3308 2421 3369 suis·

440 3419 608 3472 sent:
667 3418 730 3469 et
790 3409 854 3466 in
919 3405 1135 3466 eodem
1188 3425 1411 3484 genere
1473 3405 1711 3484 legibus
1767 3407 2123 3469 solvendum
2179 3410 2420 3472 censuit

443 3512 652 3571 Cicero
685 3511 810 3571 Ser.
847 3507 1218 3588 Sulpicium,
1259 3507 1521 3587 Philipp.
1559 3507 1637 3566 lx
1654 3553 1671 3583 ,
1703 3508 1775 3583 7,
1809 3509 1902 3570 17.
1934 3544 2014 3557 —·
2041 3510 2202 3587 Mox,
2235 3515 2417 3574 veris·

445 3613 595 3672 sime
623 3609 952 3688 Madvigius
975 3611 1019 3671 l.
1040 3631 1096 3671 c.
1126 3610 1479 3671 coniectura
1503 3610 1797 3686 restituit,
1823 3612 1927 3671 sed
1956 3624 2024 3671 ut
2048 3615 2118 3671 in
2145 3615 2287 3674 urbe
2314 3646 2412 3679 —.

525 3717 619 3774 sic
657 3714 947 3773 decretum
982 3734 1020 3771 a
1043 3714 1400 3793 pontificum
1445 3714 1694 3794 collegio
1727 3712 1832 3794 —-)
1911 3714 2138 3775 Rursus
2172 3717 2416 3779 videtur

442 3814 740 3876 confundi
773 3812 1131 3892 pontificalis
1162 3817 1481 3875 auctoritas
1512 3836 1655 3876 cum
1691 3817 1826 3875 iure
1858 3818 2061 3876 civili:
2098 3838 2239 3879 nam
2274 3841 2409 3882 eam

442 3937 574 3978 rem
611 3915 690 3976 ad
724 3917 822 3974 ius
851 3914 1035 3975 civile
1068 3916 1412 3995 pertinere,
1453 3918 1733 3978 conficias
1768 3937 1842 3977 ex
1878 3918 1921 3979 1.
1961 3917 2019 3977 8.
2055 3918 2099 3999 ς
2130 3920 2191 3979 2.
2225 3919 2293 3980 l).
2328 3922 2407 3983 de

442 4021 618 4099 relig.
653 4028 715 4080 et
743 4026 922 4078 sumt,
959 4017 1130 4078 sum:
1172 4019 1386 4079 eodem
1435 4018 1678 4080 fortasse
1710 4017 2103 4080 referendum
2136 4021 2406 4083 edictum

438 4121 784 4198 Aedilium,
824 4117 1001 4180 cuius
1031 4120 1094 4180 in
1131 4118 1394 4201 Philipp.
1425 4122 1537 4198 IX,
1579 4123 1622 4181 l.
1660 4141 1714 4184 c.
1752 4120 1822 4180 fit
1849 4121 2099 4183 mentio.
