3131 5032
1433 481 1570 555 117

736 696 951 779 Quum
985 691 1054 757 in
1097 693 1304 759 Museo
1335 688 1705 758 Britannico
1738 711 1932 758 essem
1952 741 1969 770 ,
2017 689 2255 781 inspexi
2297 711 2468 780 quo-

643 829 775 897 que
831 802 1149 895 peculiare
1203 803 1504 872 volumen
1542 801 1882 871 continens
1922 802 2115 870 libros
2156 804 2246 871 De
2290 801 2471 893 Legi-

642 916 767 985 bus
784 968 802 998 ‚
848 938 1015 1006 quae
1043 938 1188 1006 pars
1213 926 1309 980 est
1339 911 1795 981 vetustissimae
1821 909 2122 980 editionis
2144 938 2199 981 e.
2223 913 2267 980 l.
2289 925 2352 978 et
2365 937 2428 982 a.
2447 964 2466 995 ,

640 1049 840 1117 quam
887 1024 1077 1094 multi
1127 1022 1596 1114 descripserunt
1615 1074 1632 1105 ,
1689 1023 2059 1115 nuperrime
2093 1023 2362 1092 Orellius
2397 1024 2470 1092 in
2524 1026 2535 1041 ‘

646 1139 876 1206 Indice
925 1138 1337 1229 Editionum
1385 1158 1452 1227 p.
1487 1141 1619 1204 308
1654 1149 1721 1204 et
1751 1159 1817 1228 p.
1856 1142 2010 1206 331.
2102 1137 2229 1205 Sed
2261 1159 2471 1245 quum

645 1251 854 1320 nescio
874 1273 1006 1341 quo
1026 1271 1237 1319 errore
1247 1262 1543 1340 putarem
1560 1249 1854 1317 eamdem
1873 1249 2227 1319 editionem
2242 1249 2471 1318 servari

643 1363 714 1431 in
746 1376 962 1432 nostra
1000 1384 1261 1453 quoque
1292 1360 1680 1429 Bibliotheca
1697 1413 1714 1443 ,
1772 1359 2089 1453 (erravisse
2119 1383 2225 1428 me
2249 1360 2475 1429 statim

641 1478 912 1546 domum
961 1476 1165 1544 redux
1213 1474 1398 1564 sensi)
1442 1496 1579 1543 non
1613 1473 1888 1569 excerpsi
1926 1486 2068 1541 tum
2108 1487 2323 1542 totum
2355 1496 2474 1543 vo-

644 1587 866 1655 lumen
888 1638 905 1670 ,
939 1587 1052 1654 sed
1084 1585 1191 1653 hic
1224 1584 1351 1652 illic
1383 1584 1702 1675 quaedam
1725 1598 1985 1652 tantum
2012 1585 2295 1666 enotavi,
2324 1586 2476 1655 satis

643 1713 862 1768 tamen
901 1722 1033 1789 quo
1074 1698 1430 1766 affimarem
1463 1696 1597 1764 falli
1636 1696 2036 1778 Dibdenum,
2071 1696 2142 1765 in
2171 1698 2477 1789 catalogo

641 1810 1071 1903 spenceriano
1089 1864 1118 1893 ,.
1154 1810 1266 1901 qui
1312 1809 1754 1900 suspicabatur
1800 1808 2119 1900 peculiare
2169 1810 2477 1879 volumen

641 1925 834 2006 illud,
880 1947 1013 2015 quo
1045 1922 1196 1991 libri
1230 1923 1307 1989 de
1336 1924 1631 2014 Legibus
1659 1922 2110 2004 continentur,
2157 1945 2287 1991 esse
2320 1945 2477 2014 par-

642 2052 779 2106 tem
817 2040 1101 2107 Venetae
1127 2036 1426 2104 editionis
1466 2036 1644 2127 apud
1682 2035 2105 2106 Vindelinum
2151 2036 2237 2104 de
2266 2036 2472 2127 spira.

642 2148 932 2217 Primum
951 2201 968 2230 ,
1031 2147 1100 2214 in
1148 2148 1258 2216 illo
1313 2149 1639 2217 volumine
1696 2170 2002 2239 personae
2061 2148 2476 2239 loquentium

644 2285 781 2331 non
833 2261 1205 2329 indicantur
1224 2312 1241 2343 ,
1299 2261 1501 2351 idque
1548 2262 1945 2330 documento
1979 2273 2073 2328 aet
2102 2283 2140 2328 e
2172 2261 2474 2330 vetustis-

499 2440 502 2441 γ
640 2373 803 2443 simo
820 2373 1053 2442 Codice
1073 2378 1201 2441 (me
1226 2373 1638 2464 descriptum.
1703 2377 1868 2441 Tum
1892 2372 2472 2442 innumerabilibus

639 2487 792 2557 locis
816 2510 917 2556 eas
946 2486 1146 2555 habet
1176 2487 1603 2580 corruptelas,
1650 2510 1806 2580 quas
1833 2487 2048 2556 nullus
2080 2487 2239 2561 alius
2266 2486 2467 2556 liber:

640 2604 726 2670 Π.
769 2606 889 2681 18,
941 2604 1058 2682 45,
1106 2625 1292 2667 uerno
1321 2606 1465 2667 ista
1498 2626 1675 2668 nune
1706 2602 1783 2667 de
1815 2606 2061 2683 sacris,
2110 2599 2270 2670 ibid.
2309 2607 2344 2690 §
2382 2605 2467 2669 58

640 2713 1037 2783 omittuntur
1095 2714 1284 2782 verba
1344 2739 1547 2802 quam
1610 2716 1704 2781 ad
1747 2721 1860 2782 im·
1908 2754 2002 2770 —
2046 2720 2277 2802 inquit
2329 2716 2469 2781 lex.-

639 2823 795 2893 ibid.
836 2831 871 2914 §
907 2829 1013 2892 63.
1051 2825 1447 2893 omittuntur
1464 2828 1809 2919 frugibus
1839 2865 1933 2881 —
1962 2828 2183 2892 solum
2219 2839 2463 2894 autem,

637 2937 767 3004 Sed
805 2936 1080 3028 reliqua,
1128 2915 1295 3030 quae
1325 2938 1604 3032 excerpsi
1624 2991 1642 3022 ,
1687 2962 1802 3010 suo
1829 2939 1971 3010 loco
1997 2938 2069 3006 in
2099 2939 2465 3009 annotatio-

639 3048 833 3120 nibus
877 3053 1270 3125 memorabo·
