3131 5032
1369 510 1457 584 91

427 725 498 794 ei
514 718 695 818 quid
721 733 908 793 esset
930 724 1292 821 optimum
1310 716 1709 794 videndum
1733 719 1982 814 fuisse,
2015 721 2143 794 sed
2168 727 2385 797 etiam

426 839 608 940 quid
634 843 1137 917 necessarium.
1234 845 1470 915 Sensit
1495 844 1694 914 enim
1721 838 1973 916 deberi
1996 867 2149 915 non
2177 865 2391 945 posse

423 959 606 1034 huic
667 963 937 1033 civitati
1003 960 1194 1034 illam
1270 974 1739 1061 potestatem:
1800 966 2108 1065 quippe,
2166 987 2388 1061 quam

428 1093 640 1155 tanto
684 1104 907 1180 opere
953 1081 1269 1181 populus
1318 1095 1569 1154 noster
1603 1085 1930 1182 ignotam
1966 1086 2389 1183 expetisset,

428 1202 563 1299 qui
605 1213 849 1300 posset
895 1223 1140 1273 oerere
1177 1201 1507 1298 cognita?
1542 1205 1901 1301 Sapientis
1941 1216 2185 1277 autem
2217 1204 2395 1274 civis·

429 1317 570 1393 fuit
626 1342 911 1393 causam
962 1344 1101 1399 nec
1150 1323 1663 1421 perniciosam,
1713 1336 1787 1394 et
1828 1326 1927 1395 ita
1961 1322 2390 1423 popularem

429 1452 516 1512 ut
573 1462 723 1510 non
777 1453 1018 1538 posset
1062 1438 1352 1531 obsisti,
1412 1444 1819 1540 perniciose
1872 1440 2207 1541 populari
2251 1442 2392 1515 civi

430 1583 584 1632 non
622 1558 1054 1656 relinquere.

528 1681 619 1770 Q.
645 1697 668 1736 ¹
713 1683 863 1751 Scis
893 1678 1155 1769 solere,
1192 1676 1447 1770 frater,
1478 1682 1557 1755 in
1584 1677 2002 1751 huiusmodi
2024 1702 2393 1770 sermone,

430 1812 515 1871 ut
551 1801 841 1871 transiri
874 1799 1016 1871 alio
1051 1802 1312 1897 possit,
1362 1798 1505 1871 dici
1546 1797 1972 1889 admodum,
2022 1813 2149 1875 aut
2182 1823 2394 1899 pror-

431 1942 558 1991 sus
595 1922 694 1991 ita
729 1932 860 1991 est.
938 1918 1149 1992 Haud
1171 1931 1201 1973 ²
1242 1917 1588 2016 equidem
1622 1921 2007 1991 assentior:
2041 1932 2123 1990 tu
2151 1932 2396 1992 tamen

431 2036 529 2112 ad
579 2036 857 2138 reliqua
900 2061 1155 2139 pergas
1198 2038 1435 2111 velim.
1533 2041 1632 2110 Μ.
1667 2043 2083 2112 Perseveras
2115 2052 2199 2110 tu
2230 2041 2397 2137 qui·-

431 2156 635 2248 dem,
672 2171 745 2231 et
777 2161 856 2230 in
899 2172 1026 2231 tua
1059 2170 1302 2231 vetere
1338 2161 1696 2235 sententia
1734 2181 2132 2258 permanes.
2194 2162 2340 2231 Att.
2365 2176 2397 2219 ⁸

433 2280 605 2351 Non
637 2283 666 2325 ⁴
731 2275 1149 2355 mehercule
1213 2301 1351 2375 ego
1394 2292 1422 2332 ⁸
1478 2301 1651 2349 sane
1702 2301 1746 2350 a
1801 2279 2082 2368 Quinto
2143 2292 2401 2350 nostro

432 2396 800 2471 dissentio.
897 2396 1038 2471 Sed
1069 2421 1188 2489 ea,
1237 2419 1428 2495 quae
1459 2409 1768 2486 restant,
1815 2395 2215 2471 audiamus.

533 2523 631 2594 Μ.
670 2522 1028 2619 Deinceps
1059 2522 1281 2617 igitur
1315 2518 1657 2591 omnibus
1692 2516 2227 2617 magistratibus
2268 2543 2399 2592 au·-

433 2643 662 2739 spicia
698 2651 771 2712 et
808 2638 1074 2711 iudicia
1118 2637 1414 2727 dantur,
1464 2636 1761 2728 iudicia,
1803 2652 1888 2710 ut
1924 2651 2111 2711 esset
2142 2636 2401 2739 populi

437 2773 757 2859 potestas
831 2756 919 2831 ad
988 2782 1212 2857 quam
1284 2771 1833 2858 provocaretur3
1893 2762 2242 2858 auspicia,
2314 2771 2400 2830 ut

439 2879 710 2960 multos
750 2877 1038 2951 inutiles
1071 2880 1481 2951 comitiatus
1514 2874 1928 2976 probabiles
1959 2877 2402 2976 impedirent

438 3024 718 3073 morae:
775 3023 987 3099 saepe
1046 3001 1242 3070 enim
1297 2995 1554 3095 populi
1630 2998 1986 3094 impe-tum
2046 3000 2402 3074 iniustum

433 3120 773 3217 auspiciis
808 3115 913 3189 dii
943 3112 1385 3186 immortales
1423 3126 1944 3213 represserunt.

534 3242 639 3314 Ex
688 3240 778 3308 iis
824 3248 1068 3312 autem
1102 3237 1235 3332 qui
1268 3236 1766 3331 magistratum
1806 3245 2160 3333 ceperunt
2193 3230 2400 3331 quod

435 3370 729 3432 senatus
779 3353 1097 3428 efficitur
1117 3403 1139 3443 ,
1211 3352 1563 3452 populare
1636 3376 1810 3425 sane
1885 3356 2254 3426 neminem
2319 3355 2399 3425 in

436 3502 809 3551 summum
846 3475 1090 3547 locum
1138 3475 1277 3544 nisi
1328 3496 1462 3572 per
1502 3471 1861 3572 populum
1898 3475 2180 3564 venire,
2230 3470 2409 3544 sub-

435 3598 581 3671 lata
612 3598 1075 3697 cooptatione
1102 3595 1448 3670 censoria.
1547 3588 1684 3664 Sed
1720 3606 2007 3691 praesto
2038 3606 2148 3668 est
2177 3590 2402 3665 huius

436 3720 598 3790 vitii
629 3718 1087 3816 temperatio,
1123 3710 1327 3811 quod
1362 3724 1654 3785 senatus
1690 3710 1850 3810 lege
1871 3725 2118 3786 nostra
2141 3711 2407 3786 confir·-

439 3849 687 3910 matur
718 3836 1129 3911 auctoritas.

431 4151 523 4285 ¹¹
571 4163 676 4201 οηι.
726 4145 792 4216 Q.
875 4145 902 4186 ¹
955 4145 1021 4214 Q.
1065 4142 1234 4200 nand.
1319 4146 1344 4183 ⁸
1396 4143 1461 4212 Q.
1547 4143 1573 4185 ἱ
1617 4159 1775 4197 nunc.
1850 4148 1875 4185 ὅ
1916 4142 2241 4200 mehercule.
2302 4143 2412 4201 Au.

479 4247 566 4300 go.

2466 2538 2591 2665 με
