3131 5032
461 726 628 773 num
677 713 820 771 erat
872 700 960 770 ab
1016 698 1130 768 illa
1185 698 1582 793 aequalitate
1622 703 1939 771 sermonis
1973 715 2042 772 et
2078 705 2402 796 opinionis

456 853 594 926 qua
640 827 1074 898 Athenienses
1114 827 1478 899 utebantur
1502 880 1523 918 ,
1572 852 1778 922 quam
1819 830 1999 923 quod
2046 833 2239 902 certis
2278 831 2402 903 ho-

459 958 717 1026 minum
777 953 1266 1025 conditionibus
1333 955 1522 1048 quasi
1592 954 1771 1026 tituli
1845 956 2358 1051 imponebantur
2378 1012 2399 1049 ‚

457 1107 592 1154 non
645 1105 727 1153 ex
778 1083 1104 1175 cuiusque
1146 1082 1392 1151 virtute
1412 1132 1432 1170 ,
1473 1080 1593 1151 sed
1629 1094 1904 1175 propter
1940 1082 2160 1154 locum
2199 1108 2403 1178 quem

454 1211 524 1279 in
557 1209 827 1280 civitate
862 1217 1120 1277 teneret
1141 1257 1163 1295 ,
1212 1219 1294 1276 ut
1326 1206 1434 1276 vel
1466 1209 1586 1273 vir
1629 1208 2112 1300 clarissimus,
2145 1210 2252 1280 vel
2288 1215 2409 1279 vir

433 1336 902 1425 fortissimus
949 1332 1319 1404 diceretur:
1368 1334 1439 1401 in
1492 1330 1741 1427 quibus
1792 1336 1943 1428 quis
1981 1359 2115 1406 non
2156 1339 2402 1430 cogitat

458 1460 836 1534 seculorum
871 1480 1048 1554 quae
1084 1472 1237 1553 post
1277 1472 1507 1530 secuta
1542 1472 1702 1531 sunt
1744 1462 2075 1554 ingentem
2115 1462 2403 1534 abusum

459 1599 535 1657 et
594 1587 883 1658 veritatis
952 1584 1492 1680 depravationem
1511 1584 1551 1655 ’ἶ
1670 1586 1804 1656 Sed
1866 1587 2179 1659 afferebat
2238 1590 2403 1661 haec

461 1735 687 1783 rerum
758 1713 1243 1805 hominumque
1311 1713 1704 1783 existimatio
1722 1764 1742 1801 ‚
1813 1725 1889 1782 ut
1942 1713 2069 1782 alia
2134 1739 2405 1809 quoque

459 1841 665 1911 oratio
712 1838 943 1909 deberi
999 1851 1351 1932 putaretur
1395 1839 1679 1932 principi
1719 1839 1789 1907 in
1831 1839 2096 1909 civitate
2142 1841 2355 1911 ordini
2380 1894 2402 1932 ,

459 1991 617 2039 cum
653 1965 993 2060 dignitatis
1033 1979 1102 2037 et
1139 1963 1340 2035 officii
1384 1964 1860 2057 significatione
1878 2017 1898 2054 ‚
1946 1967 2172 2060 itaque
2206 1966 2403 2037 aliam

458 2116 604 2166 oese
625 2091 898 2186 dignam
921 2093 1272 2186 elegantis
1293 2100 1671 2160 convent-ees
1688 2091 1995 2161 auribus
2011 2091 2227 2188 (Brut.
2242 2090 2401 2190 62),

456 2220 655 2289 aliam
680 2240 856 2314 quae
872 2216 1276 2289 turbulentis
1313 2217 1740 2289 concionibus
1772 2219 2150 2289 conveniret
2182 2218 2399 2315 (Brut.

459 2342 1212 2441 §333,deG1-aoehis);
1236 2341 1422 2438 quod
1458 2343 1814 2414 discrimen
1847 2343 2267 2416 manifestum
2300 2357 2405 2416 oet

459 2495 681 2568 neque
702 2473 772 2542 in
805 2471 963 2542 artis
983 2468 1386 2566 perfectione
1399 2522 1420 2560 ,
1453 2491 1676 2565 neque
1703 2472 1971 2541 omnino
1992 2472 2063 2541 in
2080 2470 2401 2566 eloquen-

458 2600 591 2670 tiae
622 2620 896 2669 munere
917 2596 1373 2693 quaerendum
1395 2620 1560 2686 oese,
1579 2597 1697 2668 sed
1719 2598 1787 2667 in
1808 2598 2242 2690 verecundiae
2263 2622 2403 2669 mo·

459 2725 945 2818 dei-ationisque
964 2722 1072 2793 vel
1094 2723 1546 2794 observatione
1567 2723 1673 2793 vel
1698 2722 2029 2817 neglectu.
2112 2724 2401 2796 Accede·

461 2851 579 2922 bat
602 2848 787 2945 quod
807 2852 878 2919 in
900 2850 1195 2920 Romana
1217 2850 1483 2919 civitate
1499 2849 1717 2918 multo
1737 2850 2011 2918 maiores
2031 2873 2398 2942 paucorum

460 2974 906 3069 quorumdam
921 3027 942 3065 ‚
973 2974 1260 3046 subinde
1284 2975 1484 3045 etiam
1515 2971 1927 3066 singulorum
1948 3023 1969 3061 ‚
1992 2994 2151 3066 opes
2179 2986 2250 3042 et
2277 2996 2402 3068 po-

458 3103 707 3171 tentiae
725 3102 1111 3172 exsisterent
1126 3152 1147 3190 ,
1168 3123 1374 3194 quam
1396 3111 1688 3195 quantae
1701 3097 1980 3169 Athenis
2000 3097 2261 3169 tolerari
2280 3124 2396 3194 po-

454 3241 764 3300 tuerunt:
795 3250 968 3323 quae
996 3249 1219 3297 rerum
1241 3225 1531 3297 conditio
1565 3224 2114 3296 consuetudinem
2136 3225 2402 3297 efficere

451 3355 693 3427 debuit
734 3354 1176 3425 moderandae
1224 3354 1531 3424 orationis
1551 3404 1574 3442 ,
1622 3364 1701 3422 ut
1745 3350 2114 3446 plurimum
2154 3353 2401 3444 gratiae

452 3495 525 3552 et
566 3482 941 3553 auctoritati
998 3479 1503 3574 relinqueretur.
1604 3479 1781 3567 Quid
1826 3479 2043 3550 dicam
2076 3478 2165 3549 de
2193 3481 2394 3550 ratio-

452 3608 654 3679 nibus
711 3631 880 3703 quas
926 3606 1126 3676 iidem
1177 3630 1335 3678 cum
1392 3620 1765 3677 exterarum
1818 3607 2161 3677 civitatum
2203 3608 2393 3699 prin-

454 3736 715 3829 cipibus
780 3734 1259 3805 contrahebant
1284 3786 1305 3822 ‚
1372 3734 1593 3828 deque
1664 3734 1808 3827 ipso
1867 3733 2392 3826 gmvissimarum

451 3863 1005 3957 disceptationum
1067 3859 1251 3933 usu?
1346 3861 1580 3954 Neque
1629 3862 1804 3929 enim
1852 3861 2190 3930 communi
2227 3884 2396 3953 pru-

450 3989 677 4060 dentia
716 3990 999 4060 maxima
1038 3988 1297 4082 negotia
1330 3999 1638 4059 contenta
1675 3998 1863 4056 erant
1879 4037 1900 4075 ‚
1933 3984 2052 4057 sed
2083 3986 2390 4056 orationis

444 4138 723 4211 quoque
787 4114 968 4187 haud
1030 4112 1367 4208 vulgatum
1430 4113 1859 4207 postulabant
1911 4111 2286 4184 facilitatem
2324 4124 2393 4180 et
