3131 5032
677 365 807 432 550
1336 356 1481 424 Lm.
1524 357 1622 442 11,
1678 358 1786 442 19,
1834 357 1946 427 48.

667 565 910 628 solvisse
962 564 1077 627 nihi
1131 563 1377 625 videtur
1421 563 1752 643 Madvigius
1801 564 1885 625 ita
1901 609 1921 640 ,
1961 571 2033 625 ut
2065 584 2142 626 ex
2181 587 2287 649 ego
2322 566 2427 651 (al.
2465 569 2629 653 ergo)

667 668 928 731 efficeret
979 690 1045 729 eo
1059 715 1078 744 ,
1136 669 1264 728 nisi
1308 689 1373 727 eo
1425 670 1597 747 quod.
1679 666 1948 729 Primum
2000 667 2221 730 obiicio
2251 670 2316 730 id
2335 717 2354 747 ,
2393 674 2559 752 quod
2589 694 2626 734 a

664 772 984 835 Wundero
1036 770 1508 832 demonstratum
1560 771 1833 850 probavit
1867 771 1995 850 ipse
2028 771 2357 853 Madvigius
2385 774 2461 835 ad
2497 776 2623 839 Fin.

663 895 728 954 p.
783 875 902 935 522
919 922 938 953 ,
988 874 1491 953 praepositionem
1545 883 1677 953 post
1726 876 1853 933 nini
1910 875 2243 937 iterandam
2304 897 2429 938 esse
2477 877 2626 959 (uini

664 979 734 1037 de
769 977 880 1059 eo).
958 977 1107 1037 Tum
1150 997 1365 1055 parum
1401 978 1642 1055 elegans
1676 976 1952 1054 videtur,
1997 985 2064 1037 ut
2095 987 2228 1058 post
2259 980 2428 1040 illam
2463 980 2626 1041 ahm-

665 1080 855 1140 lutam
908 1080 1289 1158 negationem
1338 1078 1467 1161 (aue
1505 1079 1627 1137 uno
1680 1074 1942 1158 omnino)
1989 1078 2067 1137 ab
2106 1079 2234 1158 ipso
2269 1080 2627 1141 subiiciatur

661 1182 937 1260 exceptio
991 1180 1141 1263 (nisi
1187 1203 1253 1240 eo
1304 1180 1427 1261 —).
1531 1179 1907 1240 Crediderim
1959 1182 2157 1258 potius
2201 1181 2622 1261 dialogismum

662 1283 1004 1347 continuari
1020 1330 1038 1360 ,
1080 1293 1150 1344 ut
1187 1284 1339 1343 alter
1371 1283 1726 1361 respondeat
1741 1328 1761 1359 ,
1801 1285 1885 1360 εἰ,
1915 1284 2143 1363 inquit,
2177 1305 2310 1345 cum
2334 1286 2618 1367 religione

661 1387 1040 1446 coniunctum
1075 1397 1176 1446 ese.
1211 1418 1292 1432 —
1329 1385 1410 1444 Id
1444 1396 1640 1444 autem
1685 1384 2034 1463 quantulum
2066 1384 2192 1444 est?
2271 1385 2323 1444 N
2325 1406 2403 1447 ou
2434 1385 2619 1447 inter-

659 1489 810 1553 cedo
871 1498 1075 1549 tamen
1139 1489 1293 1569 quin
1342 1487 1634 1567 probetur
1689 1487 1754 1547 id
1772 1533 1792 1564 ,
1847 1486 2015 1567 quod
2065 1488 2132 1547 in
2189 1487 2323 1549 Oba.
2378 1488 2620 1554 miscell.

660 1592 894 1653 editum
935 1600 1042 1652 est.

740 1696 810 1756 do
844 1697 1037 1777 feriis
1085 1707 1142 1755 et
1192 1695 1261 1754 de
1293 1691 1603 1774 sepulcris)
1682 1692 1767 1752 Ex
1800 1693 2040 1773 optimis
2067 1692 2240 1755 libris
2267 1696 2498 1756 servavi
2526 1709 2620 1773 et,

655 1819 815 1879 quae
866 1798 1082 1878 copula
1129 1806 1261 1858 tum
1305 1795 1638 1857 omittenda
1689 1804 1775 1857 est
1792 1842 1810 1871 ‚
1850 1798 1900 1856 ei
1940 1817 2061 1857 non
2094 1797 2338 1877 plenam
2371 1799 2620 1862 istorum

658 1903 925 1981 capitum
957 1900 1471 1962 enumerationem
1505 1898 1637 1959 fieri
1669 1899 1731 1960 h.
1766 1900 1808 1960 l.
1844 1909 2141 1961 censetur.

739 2006 809 2065 de
858 2006 1047 2065 sacris
1102 2015 1295 2064 autem
1343 1998 1453 2081 —)
1548 2001 1869 2081 Perperam
1921 2004 2165 2064 Beierun
2209 2003 2289 2064 ad
2322 2003 2485 2066 offic.
2518 2004 2618 2082 11,

657 2106 733 2181 8,
782 2108 895 2182 30,
944 2108 1045 2168 cui
1079 2106 1454 2183 obtemperat
1487 2105 1779 2181 Mosen-ua,
1820 2106 1972 2167 haec
2005 2107 2091 2167 ita
2124 2127 2262 2169 cum
2298 2109 2619 2188 praecedd.

656 2211 974 2291 coniungit
996 2255 1015 2286 ‚
1085 2218 1155 2270 ut
1213 2229 1336 2270 una
1402 2209 1585 2269 etiam
1656 2210 2126 2289 interrogatione
2186 2213 2621 2291 complectatur

656 2314 792 2397 (cur
818 2317 1012 2396 igitur
1028 2346 1108 2359 —
1128 2325 1411 2394 perpetua
1437 2316 1562 2373 sint
1588 2335 1758 2374 sacra
1769 2313 1827 2394 Ρ)
1905 2315 2069 2375 Missa
2097 2315 2206 2376 illa
2231 2316 2621 2379 altercatione

658 2439 802 2479 cum
837 2417 1131 2478 Scaevolis
1161 2417 1360 2497 pergit
1394 2435 1561 2476 nunc
1596 2416 1672 2476 ad
1703 2437 1844 2478 suae
1873 2418 2020 2497 legis
2061 2418 2620 2499 interpretationem

652 2522 743 2583 sic
799 2531 869 2583 ut
914 2529 1100 2601 ponat
1151 2541 1333 2602 unam
1385 2523 1769 2581 seneemiam:
1829 2522 1988 2583 cons.
2041 2523 2180 2602 Cap.
2234 2523 2327 2585 18.
2379 2524 2481 2585 fin.
2535 2557 2620 2571 -

656 2625 934 2686 Clausula
985 2624 1167 2685 huius
1219 2623 1376 2699 loci,
1414 2635 1501 2698 et,
1549 2637 1616 2683 ut
1649 2626 1720 2683 in
1771 2626 1894 2706 Iege
1929 2629 2109 2706 posui
2134 2671 2152 2701 ,
2174 2640 2457 2707 perpetua
2491 2630 2622 2690 eine

652 2748 860 2804 sacra,
887 2727 1133 2802 melius,
1171 2725 1390 2802 credo,
1420 2726 1507 2787 sic
1536 2726 1904 2804 adiiceretur
1918 2774 1937 2805 ‚
1973 2730 2041 2788 id
2064 2741 2176 2805 ese,
2203 2742 2270 2790 ut
2293 2733 2360 2790 in
2392 2733 2431 2792 1.
2447 2753 2514 2811 p.
2532 2763 2619 2779 —-

658 2833 854 2893 Seme!
889 2831 954 2891 in
989 2831 1229 2909 optimis
1260 2830 1433 2890 libris
1459 2849 1570 2910 pro
1596 2852 1820 2912 semper
1851 2844 1937 2906 et,
1978 2851 2057 2891 ex
2085 2853 2158 2893 eo
2186 2852 2409 2911 genere
2436 2835 2620 2895 vitio-

652 2953 795 2994 rum
821 2942 938 3008 eet,
968 2953 1090 3012 quo
1117 2952 1294 3012 supra
1322 2933 1382 2992 11
1403 2979 1421 3008 ‚
1450 2933 1490 2993 2
1512 2979 1530 3007 ,
1556 2933 1631 3009 6,
1660 2942 1790 2994 erat
1813 2936 2088 2995 anicium
2115 2955 2227 3014 pro
2250 2940 2435 3021 attigi
2461 2960 2618 3000 cum.

737 3037 780 3120 §
821 3037 918 3098 48.
999 3037 1140 3097 liaeo
1169 3038 1308 3097 iura
1336 3038 1691 3117 pontificum
1731 3041 2077 3100 auctoritate
2114 3052 2425 3101 consecuta
2455 3038 2620 3121 sunt)

658 3139 856 3220 Vulgo
907 3139 1147 3210 editur,
1205 3140 1311 3200 Ιιοο
1350 3142 1585 3219 posito,
1649 3139 1790 3201 haec
1842 3142 1979 3202 iura
2015 3176 2096 3188 —
2123 3141 2215 3222 (in
2266 3144 2434 3220 aliis,
2474 3144 2619 3204 haec

648 3247 852 3325 posita
871 3290 889 3320 ,
922 3251 1027 3303 aut
1059 3242 1200 3303 haec
1225 3245 1420 3322 posite
1438 3288 1457 3316 ‚
1498 3252 1604 3302 aut
1637 3244 1736 3304 hic
1760 3245 2011 3323 potita).
2092 3245 2177 3305 De
2210 3247 2430 3324 quibus
2458 3246 2619 3307 raad-

659 3349 859 3428 vigius
900 3347 1267 3425 Programm.
1301 3367 1361 3425 p.
1399 3346 1499 3406 21.
1531 3366 1618 3425 sq.
1654 3346 1957 3428 (eamdem
1989 3349 2345 3410 seutentiam
2377 3369 2618 3410 servans

661 3450 738 3510 ad
789 3450 918 3510 Fin.
966 3471 1026 3529 p.
1071 3447 1239 3529 328.)
1292 3469 1416 3509 non
1469 3457 1703 3510 tantum
1749 3449 2060 3511 offensioni
2101 3473 2225 3513 esse
2273 3452 2358 3513 ait
2388 3454 2622 3532 repeti-

660 3560 794 3612 tum
829 3552 985 3613 illud
1019 3552 1126 3612 Ιιοο
1152 3555 1347 3632 poaeito
1384 3553 1448 3611 in
1485 3572 1647 3631 seqq.
1664 3597 1681 3627 ,
1721 3553 1827 3612 sed
1860 3556 2197 3632 graviorem
2229 3556 2618 3617 offensionem

664 3675 788 3716 esse
841 3655 906 3713 in
953 3655 1284 3714 sententiae
1333 3655 1725 3732 repetitione:
1767 3657 1816 3716 si
1850 3658 2133 3737 quidem,
2173 3679 2331 3738 quae
2365 3661 2621 3721 inferius

664 3766 978 3841 ponuntur
1015 3758 1148 3840 (Ιιοο
1192 3778 1310 3817 uno
1342 3760 1541 3837 posito
1582 3756 1728 3838 cet.)
1765 3761 1840 3821 ad
1874 3762 2032 3821 illud
2064 3771 2247 3841 caput
2280 3764 2621 3829 reserantur

665 3864 771 3947 (de
801 3863 980 3923 sacris
1010 3861 1348 3941 perpetuis,
1388 3869 1451 3921 et
1484 3860 1728 3922 familiis
1761 3863 2043 3944 deinceps
2073 3865 2456 3946 prodendis),
2496 3888 2623 3947 quo

665 3970 819 4029 haec
868 3968 1097 4048 priora:
1157 3967 1362 4044 itaque
1412 3975 1616 4026 censet
1661 3967 1872 4029 deletis
1904 3969 2000 4029 his
2033 3968 2165 4051 (hoc
2181 3973 2380 4051 posito
2410 4002 2492 4017 ——
2525 3993 2621 4032 vo-

664 4071 876 4152 mm‘t),
924 4071 1160 4151 reliqua
1200 4070 1497 4148 aptissime
1536 4071 1876 4133 cohaerere.
1960 4072 2046 4133 De
2076 4073 2171 4133 his
2203 4095 2327 4137 non
2353 4074 2618 4138 concedo
