3131 5032
1067 457 1207 525 Lm.
1253 457 1350 541 11,
1410 458 1517 540 17,
1568 460 1672 524 44.
2218 463 2344 528 545
2449 500 2461 511 ·

803 552 834 574 S

399 668 590 752 logum
642 667 903 727 omnium
954 676 1012 724 et
1058 664 1432 746 religionum.
1466 695 1547 708 -
1579 664 1744 738 Quae
1774 663 1872 723 his
1902 663 2309 727 subiiciuntur
2323 711 2342 744 ‚

398 772 629 831 iudicia
653 780 936 851 perrupta
967 768 1041 827 ab
1075 767 1285 827 iisdem
1312 778 1581 847 corrupta
1608 767 1907 825 hominum
1933 788 2051 827 oum
2078 769 2340 845 deorum,

392 873 666 934 nondum
698 871 1133 950 expediverunt
1164 870 1281 928 viri
1316 869 1513 929 docti:
1556 888 1697 928 nam
1728 869 1857 928 sine
1887 871 2013 930 ullo
2040 891 2181 932 sano
2203 892 2343 932 con·

392 976 530 1036 silio
570 988 852 1056 perrupta
886 982 946 1034 et
980 984 1248 1053 corrupta
1288 974 1523 1032 iudicia
1554 972 1735 1031 simul
1765 982 2341 1052 commemorantur,

393 1078 519 1161 (cui
554 1077 934 1140 incommodo
962 1098 1083 1137 non
1115 1077 1251 1135 satis
1299 1076 1578 1136 medetur
1610 1076 1829 1137 inserta
1863 1077 2078 1155 copula
2113 1090 2170 1139 et
2204 1086 2347 1139 ante

395 1194 691 1263 corrupta,
732 1191 800 1241 ut
833 1180 1158 1259 Madvigius
1189 1178 1411 1261 iubet,)
1449 1199 1610 1258 quae
1642 1180 1765 1257 ipsa
1800 1200 1909 1259 per
1940 1201 2003 1241 se
2043 1181 2201 1240 nihil
2233 1182 2348 1242 de-

395 1293 723 1346 monstrant
774 1286 907 1345 eius
954 1282 1283 1342 sententiae
1328 1302 1512 1361 quam
1555 1283 1731 1343 initio
1766 1292 2041 1362 posuerat
2055 1330 2074 1360 ,
2114 1286 2349 1346 sceleris

395 1409 514 1448 esse
556 1409 810 1468 poenam
826 1412 846 1446 .·
889 1395 1021 1446 tum
1063 1370 1222 1445 caesa
1269 1405 1446 1445 sensu
1490 1395 1628 1445 sunt
1674 1394 1968 1465 postrema
1985 1434 2004 1464 ,
2046 1387 2350 1448 hominum

395 1510 516 1550 non
544 1492 799 1551 deorum.
879 1489 1030 1550 Puto
1053 1489 1168 1549 hoc
1195 1489 1452 1548 voluisse
1481 1508 1650 1565 eum,
1684 1510 1921 1569 »quum
1945 1491 2354 1569 perrupissent

397 1594 677 1654 »iudicia
711 1592 1027 1653 hominum
1047 1638 1064 1667 ,
1105 1592 1344 1653 eosdem
1389 1600 1689 1670 correptos
1721 1592 1986 1653 vindicta
2022 1593 2276 1654 deorum
2294 1597 2353 1670 ‚”

399 1715 558 1775 quae
610 1698 674 1755 in
718 1696 928 1774 primis
979 1696 1174 1757 Clodii
1225 1703 1286 1755 et
1328 1696 1594 1756 facinora
1613 1741 1630 1771 ‚
1672 1703 1734 1755 et
1769 1696 1961 1757 satum
1999 1696 2359 1762 indicarent.

401 1798 549 1874 Sed,
591 1801 640 1858 ni
668 1799 820 1859 haec
852 1819 996 1860 vera
1026 1808 1193 1874 sunt,
1227 1799 1360 1859 aliis
1382 1798 1799 1878 quaerendum
1826 1798 2109 1879 relinquo
2136 1800 2361 1880 quibus

404 1903 602 1963 verbis
638 1904 745 1963 ista
785 1904 1101 1963 enunciari
1142 1902 1483 1963 debuerint.

481 2004 524 2088 §
566 2005 662 2067 44.
745 2009 1057 2086 reprimam
1091 2008 1215 2065 iam
1249 2018 1303 2065 ee
1337 2025 1456 2064 non
1493 2008 1774 2086 insequar
1804 2003 2065 2086 longius)
2144 2005 2363 2066 Madvi-

402 2108 538 2189 gius
587 2109 952 2187 Programm.
1009 2129 1069 2188 p.
1124 2108 1224 2169 20.
1280 2129 1403 2169 non
1452 2108 1648 2168 solum
1694 2108 1792 2184 id,
1845 2108 2011 2188 quod
2055 2108 2365 2169 Turnebus

404 2214 868 2291 excogitaverat,
900 2215 1022 2271 iam
1048 2234 1166 2288 me,
1194 2211 1580 2272 commendat
1614 2210 2057 2294 (confirmatum
2092 2232 2258 2273 nunc
2292 2231 2371 2273 ex

406 2313 614 2374 Ambr.
651 2314 713 2393 β)
748 2314 852 2373 sed
899 2313 1094 2372 deleri
1129 2314 1261 2373 vult
1305 2325 1380 2374 et.
1461 2312 1609 2371 Mihi
1654 2333 1777 2372 non
1826 2332 2065 2373 necesse
2103 2313 2370 2377 videtur.

479 2417 621 2494 plus
638 2435 966 2495 poenarum
990 2414 1170 2473 habeo
1199 2436 1375 2493 quam
1391 2412 1615 2493 petivi)
1693 2415 1928 2473 Poenas
1952 2414 2160 2474 habere
2190 2438 2227 2475 a
2254 2438 2369 2496 quo

411 2519 567 2578 dixit
619 2519 823 2579 Livius
870 2537 1114 2598 quoque
1162 2516 1375 2591 XXIX,
1437 2514 1549 2590 18,
1612 2516 1705 2574 15.
1787 2514 1960 2576 Idem
2006 2515 2138 2576 aliis
2174 2519 2372 2579 verbis

409 2622 696 2683 enunciat
730 2621 939 2681 Cicero
972 2620 1164 2680 Pison.
1202 2620 1309 2694 20,
1351 2618 1447 2680 46.
1483 2617 1619 2699 (ubi
1652 2618 1718 2678 in
1750 2638 1911 2698 seqq.
1945 2618 2371 2699 corrigendum

411 2727 654 2786 videtur
675 2773 690 2800 ‚
732 2726 885 2784 mihi
930 2725 1089 2783 enim
1139 2744 1457 2802 numquam
1510 2724 1672 2780 venit
1722 2723 1790 2779 in.
1822 2735 2094 2800 mentem,
2135 2744 2246 2802 pro
2277 2745 2373 2785 ve.

410 2827 610 2911 niret.)
651 2829 850 2888 Milon.
891 2827 965 2886 13
989 2871 1006 2901 ‚
1045 2826 1217 2886 inim
1257 2825 1414 2886 conf.
1453 2824 1751 2884 Demosth.
1786 2823 1923 2885 mid.
1956 2845 2016 2903 p.
2055 2825 2195 2888 548.
2230 2826 2288 2888 8.

490 2942 718 2991 tantum
757 2950 1013 3009 poenam
1063 2929 1220 2987 erebi
1268 2929 1562 3008 duplicem
1601 2947 1852 3006 poenam
1902 2948 2021 2987 essa
2076 2927 2373 3010 divinam)

414 3033 633 3093 Omnes
684 3033 806 3093 mei
858 3032 1199 3111 conspirant
1246 3032 1310 3088 in
1360 3041 1588 3090 tantum
1609 3050 1894 3110 poenam,
1936 3030 2012 3090 ab
2043 3031 2175 3091 aliis
2209 3032 2371 3094 bene

389 3144 749 3217 ⁴correctum
804 3135 868 3195 in
916 3155 1155 3215 ponam.
1235 3134 1391 3193 Dicit
1428 3135 1592 3193 enim
1626 3134 1779 3208 hoc,
1818 3134 1984 3194 nolle
2019 3154 2082 3193 se
2117 3135 2372 3198 ulterius

407 3239 691 3319 persequi
733 3259 891 3318 quae
939 3238 1063 3297 istis
1102 3237 1489 3312 accidissent,
1530 3236 1638 3296 sed
1674 3235 1923 3297 omnino
1957 3238 2074 3298 hoc
2106 3260 2369 3319 ponere,
2463 3256 2466 3260 ’

411 3349 524 3403 cet.
623 3341 918 3402 Vitiosum
969 3342 1127 3400 erebi
1144 3388 1162 3418 ,
1221 3349 1324 3401 aut
1375 3342 1506 3400 erui
1524 3386 1542 3415 ,
1601 3348 1707 3400 aut
1763 3343 1987 3418 merui,
2046 3343 2202 3403 alius
2250 3346 2372 3407 alio

411 3443 591 3505 modo
612 3446 832 3524 corrigi
862 3446 1085 3506 voluit:
1129 3465 1164 3504 e
1192 3444 1414 3523 quibus
1438 3442 1799 3504 coniecturis
1822 3445 2138 3523 probarem
2169 3447 2374 3509 Halae·

415 3548 620 3604 manni
639 3592 656 3620 ,
713 3549 919 3608 sceleri
975 3546 1201 3628 (potius
1257 3566 1442 3625 quam
1491 3545 1734 3620 Ποσει-ἰ,
1795 3546 2096 3628 crimini),
2153 3549 2203 3607 si
2248 3550 2375 3613 ulla

418 3647 573 3705 ratio
620 3648 818 3708 afferri
867 3659 1058 3727 posset
1108 3669 1297 3729 quare
1351 3649 1467 3709 hoc
1521 3649 1656 3708 loco
1700 3650 1908 3708 sceleri
1942 3672 2062 3709 esse
2082 3673 2371 3731 poenam,

419 3767 544 3808 non
561 3795 578 3824 ‚
619 3759 688 3809 ut
720 3770 898 3828 supra
910 3796 929 3827 ‚
966 3753 1200 3812 sceleris
1222 3753 1562 3831 scripsisset.
1646 3750 1903 3812 Fortasse
1928 3755 2065 3814 eatis
2098 3756 2213 3815 erit
2236 3758 2374 3817 sub-

420 3852 669 3912 stituere
706 3874 857 3912 vere.

505 3955 660 4034 quod
707 3966 932 4015 constat
983 3976 1080 4040 ea:-
1108 3958 1391 4017 vexandis
1443 3960 1717 4018 vivorum
1767 3957 2015 4038 animis)
2111 3960 2380 4041 Suscepit

423 4058 680 4119 nosen-us
722 4058 1158 4120 correctionem
1199 4080 1272 4119 ex
1321 4081 1445 4121 uno
1483 4062 1795 4141 alteroque
1824 4061 2010 4136 libro,
2055 4082 2204 4140 quae
2234 4085 2381 4124 con-

423 4174 570 4221 am:
628 4169 820 4241 potest
866 4162 1050 4222 etiam
1101 4163 1258 4240 quod
1303 4172 1655 4244 corruptum
1707 4184 1831 4223 esse
1880 4183 1954 4223 ex
2006 4184 2183 4244 quom
2234 4167 2274 4227 i.
2323 4189 2382 4231 e.

2042 4267 2123 4326 35
