3131 5032
1230 396 1372 465 Lm.
1417 397 1484 483 1,
1531 402 1610 481 9,
1655 400 1763 466 27.
2336 405 2461 471 357

507 610 660 669 tanti
711 608 871 690 regie
923 627 997 666 ao
1036 606 1219 665 dacis
1269 603 1649 688 (Alexandri)
1710 606 1929 665 memio
1947 651 1965 682 ,
2025 608 2239 686 quibus
2297 630 2467 693 saepe

503 713 708 772 tacitis
743 708 1207 792 cogitationibus
1248 707 1514 766 volutavi
1546 709 1815 766 animum
1834 753 1852 782 ,
1893 728 1993 766 eas
2020 721 2223 769 evocat
2254 713 2324 769 in
2352 733 2468 772 me-

500 816 698 875 dium:
751 832 953 892 neque
1009 811 1176 871 enim
1227 810 1468 889 probari
1518 817 1712 888 potest
1772 811 1840 869 in
1905 811 2148 890 vulgata
2203 812 2463 876 lectione

504 926 574 977 ut
636 924 743 976 aut
807 913 1184 988 Alexander,
1240 920 1345 973 aut
1407 915 1626 971 mentio
1688 913 1819 972 eius
1882 914 2243 976 volutaverit
2308 918 2466 978 Livii

501 1019 795 1081 animum.
850 1051 931 1062 —
980 1018 1112 1077 Mox
1162 1036 1274 1095 pro
1332 1017 1699 1075 disserantur
1757 1017 1953 1095 aptius
2013 1018 2250 1097 legetur
2307 1022 2467 1081 edis-

506 1134 792 1183 serantur.

582 1228 776 1306 ipsam
816 1244 929 1305 per
976 1246 1037 1284 se
1085 1235 1360 1283 naturam
1412 1222 1649 1304 longius
1686 1223 1969 1304 progredi
2023 1222 2124 1304 -)
2202 1224 2468 1287 Difficilis

501 1329 669 1389 locus
702 1335 790 1388 est
824 1326 953 1387 Fin.
991 1326 1072 1403 V,
1118 1325 1220 1401 15,
1265 1325 1377 1404 43,
1415 1325 1551 1400 ubi,
1593 1344 1785 1403 quum
1820 1325 2064 1385 dixisset
2096 1347 2253 1406 quae
2289 1329 2468 1389 habe·

500 1452 701 1491 remus
762 1451 797 1490 a
849 1438 1068 1490 natura
1127 1430 1423 1488 virtutum
1487 1429 1825 1506 principia,
1883 1450 2004 1489 non
2054 1433 2186 1490 sine
2244 1454 2427 1492 causa
2446 1479 2465 1508 ‚

501 1533 734 1612 inquit,
775 1555 908 1610 eas,
949 1554 1098 1612 quas
1139 1533 1303 1606 disi,
1343 1533 1414 1589 in
1456 1534 1661 1611 pueris
1710 1534 1995 1610 uirtutum
2029 1537 2206 1614 quasi
2239 1537 2467 1595 scintil-

504 1637 658 1695 lulas
712 1637 1012 1712 videmus,
1070 1657 1101 1694 e
1152 1635 1367 1714 quibus
1414 1634 1660 1694 accendi
1696 1634 2041 1716 philosophi
2082 1641 2235 1697 ratio
2269 1640 2432 1698 dehet
2449 1686 2468 1716 ‚

505 1750 572 1798 ut
623 1759 750 1797 eam
768 1784 786 1813 ‚
845 1741 1019 1818 quasi
1072 1739 1243 1797 deum
1263 1783 1281 1813 ‚
1322 1738 1526 1796 ducem
1561 1738 1917 1817 subsequens
1952 1741 2032 1799 ad
2060 1752 2306 1802 naturae
2329 1763 2472 1823 per-

504 1842 708 1901 veniat
761 1853 1095 1903 extremam.
1194 1841 1294 1923 (In
1337 1840 1561 1920 quibus
1613 1841 1823 1900 mirari
1873 1843 2014 1901 satis
2062 1862 2185 1904 non
2234 1865 2473 1924 possum

499 1944 817 2020 Beier-um,
858 1945 968 2024 qui
1015 1943 1094 2003 ad
1129 1942 1293 2004 effic.
1351 1943 1414 2019 1,
1465 1943 1584 2021 43,
1642 1943 1788 2020 153,
1829 1964 1888 2024 p.
1932 1945 2087 2022 301,
2126 1950 2374 2028 corrigit
2406 1960 2473 2009 ut

498 2060 808 2125 naturam,
863 2068 976 2127 pro
1026 2057 1093 2107 ut
1146 2044 1320 2126 eam.)
1417 2047 1616 2123 Nam,
1672 2059 1739 2107 ut
1787 2069 1957 2128 saepe
2006 2052 2132 2108 iam
2182 2052 2352 2127 dixi,
2402 2054 2473 2112 in

498 2152 741 2230 infirma
794 2162 984 2210 aetate
1033 2151 1442 2229 imbecillaque
1497 2163 1685 2210 mente
1734 2153 1830 2211 vis
1878 2165 2124 2213 naturae
2165 2158 2341 2234 quasi
2359 2177 2476 2236 per

501 2256 821 2338 caliginem
871 2255 1169 2329 comitur,
1210 2274 1393 2332 quum
1444 2265 1640 2312 autem
1677 2256 2065 2335 progrediens
2096 2258 2476 2336 confirmatur

503 2358 767 2431 animus,
825 2356 1095 2436 agnoscit
1146 2354 1249 2412 ille
1304 2355 1540 2432 quidem
1592 2366 1837 2415 naturae
1892 2360 2049 2434 vim,
2100 2360 2205 2418 sed
2244 2363 2366 2435 ita,
2406 2372 2474 2421 ut

495 2461 776 2544 progredi
796 2462 988 2542 possit
1022 2461 1260 2541 longius
1278 2504 1295 2535 ‚
1326 2479 1442 2539 per
1473 2480 1534 2519 se
1568 2462 1650 2519 sie
1684 2470 1876 2520 tamen
1914 2462 2219 2529 inchoata..
2291 2464 2474 2526 Labo-

503 2584 639 2624 rare
691 2565 841 2624 haee
891 2571 1188 2643 postrema
1238 2561 1569 2622 rectissime
1616 2566 1863 2641 agnovit
1912 2565 2241 2645 Madvigius
2252 2593 2270 2645 3
2330 2588 2472 2629 nam

490 2689 602 2748 per
631 2689 691 2727 se
725 2668 1062 2727 inchoatam
1095 2687 1215 2725 esee
1247 2662 1595 2747 (naturam),
1617 2686 1740 2724 non
1762 2685 1886 2725 ωε
1901 2669 2273 2728 eontrarium
2291 2668 2471 2747 huie,

502 2791 811 2853 agnoscere
859 2772 984 2829 vim
1031 2781 1314 2829 naturae.-
1356 2768 1578 2827 melius
1610 2768 1828 2845 credo,
1872 2770 2147 2847 dixisset,
2188 2793 2311 2832 non
2346 2793 2469 2834 esse

509 2874 805 2935 contraria
831 2873 1114 2954 progredi
1139 2873 1376 2953 longius
1395 2893 1572 2951 posse
1590 2917 1608 2947 ‚
1648 2880 1711 2932 et
1732 2893 1845 2953 per
1874 2896 1934 2932 se
1966 2875 2305 2936 inchoatum
2329 2899 2469 2939 esse.

510 2977 626 3037 Sed
676 2997 811 3036 eam
865 2974 1279 3035 difficultatem
1335 2975 1591 3034 minime
1652 2975 1943 3035 sublatam
1996 2986 2180 3054 puto,
2241 2988 2471 3041 mutato

500 3093 696 3142 tamen
732 3080 798 3139 in
833 3091 1101 3152 tantum
1143 3099 1266 3158 quo
1299 3078 1477 3138 modo
1510 3098 1750 3157 prorsus
1782 3078 2018 3137 inutilis
2044 3081 2269 3139 exsistit
2301 3103 2471 3161 repe·

502 3184 635 3244 titio
687 3202 896 3243 eorum
917 3228 936 3257 ‚
977 3201 1135 3260 quae
1181 3189 1322 3241 ante
1369 3182 1651 3261 pluribus
1684 3180 1884 3240 verbis
1919 3182 2039 3240 iam
2067 3182 2469 3247 demonstrata

495 3294 689 3348 erant.
790 3285 1017 3345 Rursus
1077 3305 1200 3344 non
1266 3293 1544 3364 apparet,
1607 3304 1794 3362 quare
1857 3284 2137 3344 inchoata
2194 3287 2466 3365 dicatur,

497 3409 691 3470 quum
708 3389 858 3448 haec
876 3395 1176 3467 postrema
1213 3407 1323 3464 per
1358 3387 1690 3464 legitimam
1717 3386 2051 3446 sententiae
2079 3392 2468 3451 construetio-

498 3513 638 3552 nem
667 3492 775 3578 ‘ad
826 3492 1092 3550 animum
1136 3490 1508 3550 reserantur:
1553 3489 1869 3568 multoque
1902 3488 2103 3549 minus
2123 3512 2238 3571 per
2266 3516 2326 3553 se
2364 3497 2468 3554 in-

501 3595 705 3655 elacata
757 3593 1020 3672 intelligi
1071 3601 1263 3672 potest
1281 3640 1296 3667 ,
1352 3593 1643 3672 quoniam
1681 3612 1798 3672 per
1828 3614 1889 3651 se
1924 3594 2182 3672 requirit
2220 3597 2468 3657 actionis

500 3697 1013 3775 significationem.
1123 3697 1273 3755 Hine
1339 3703 1574 3755 tautum
1642 3695 1798 3755 mihi
1864 3694 2095 3774 liquet,
2160 3699 2468 3779 iungenda

502 3808 669 3860 certe
702 3821 825 3860 esse
859 3800 1040 3883 (sicut
1075 3800 1140 3858 in
1175 3799 1291 3858 hoc
1323 3798 1408 3858 De
1442 3798 1701 3877 Legibus
1732 3796 1892 3878 loeo)
1925 3811 1992 3858 ue
2014 3804 2298 3882 progredi
2330 3825 2469 3883 pos·

499 3906 583 3964 sit
619 3904 853 3985 longius
878 3925 992 3984 per
1013 3925 1106 3963 se:
1147 3901 1386 3980 reliqua
1417 3902 1775 3980 corrigenda
1805 3921 1930 3962 esse
1960 3903 2138 3964 video
2149 3951 2166 3979 ‚
2208 3906 2311 3965 sed
2345 3928 2467 3967 non

498 4008 613 4067 nisi
662 4007 1012 4067 dubitanter
1069 4007 1481 4067 coniecturam
1540 4005 1782 4084 profero
1830 4006 2024 4079 hane,
2096 4014 2167 4065 ut
2231 4009 2467 4086 legatur

499 4112 716 4172 virtute
752 4110 1045 4171 inchoata.
1082 4143 1163 4154 —
1195 4110 1360 4183 Quae
1395 4117 1737 4186 sequuntur
1761 4153 1778 4183 ,
1818 4107 2196 4170 illustrantur
2231 4130 2302 4170 ex
2339 4111 2464 4172 Fiu.
