3131 5032
1641 411 1734 484 56

721 636 849 728 qui
887 656 1041 702 esse
1077 632 1292 701 etiam
1325 649 1521 696 nunc
1553 635 1813 722 putant
1840 638 1899 689 ¹:
1948 640 2135 715 quae
2172 614 2351 686 mihi
2386 612 2670 684 videtur

722 748 917 848 apud
955 752 1260 820 maiores
1297 744 1512 817 fuisse
1546 740 1813 840 duplex
1841 752 1937 828 ²,'
1972 751 2052 808 ut
2083 735 2173 807 ad
2212 739 2315 805 rei
2343 731 2671 832 publicae

725 883 1013 966 tempus
1045 886 1630 960 nonnumquam,
1664 874 1736 931 et
1764 868 1789 907 ³
1827 854 2085 955 agendi
2118 852 2496 926 consilium
2531 875 2677 922 sae-

570 991 661 1047 34·
727 992 1020 1087 pissime
1070 989 1481 1085 pertineret.
1582 983 1723 1051 Att.
1789 976 2023 1048 Credo
2072 972 2314 1044 hercle
2354 976 2453 1042 ita
2491 994 2676 1059 esse,

728 1098 992 1203 istique
1030 1106 1295 1177 rationi
1328 1103 1786 1201 potissimum
1821 1097 2186 1167 assentior.
2284 1089 2423 1163 Sed
2460 1088 2679 1161 redde

519 1239 660 1298 xlv·
728 1240 983 1299 cetera.
1062 1229 1158 1295 M.
1210 1221 1529 1293 Reddam
1564 1241 1774 1303 vero,
1828 1220 1992 1305 et⁴,
2039 1217 2099 1285 si
2133 1225 2423 1311 potero,
2456 1209 2679 1281 brevi.

822 1347 1162 1441 Sequitur
1206 1345 1400 1413 enim
1437 1339 1527 1412 de
1567 1343 1723 1410 iure
1760 1335 1951 1423 belli.
2051 1339 2132 1404 In
2166 1356 2316 1428 quo
2356 1343 2428 1401 et
2461 1333 2683 1401 susci-

727 1464 994 1564 piendo
1036 1476 1108 1534 et
1157 1458 1477 1560 gerendo
1523 1473 1597 1530 et
1639 1452 2076 1555 deponendo
2129 1455 2240 1523 ius
2275 1463 2357 1521 ut
2388 1468 2414 1505 ⁵
2468 1448 2687 1547 pluri-

729 1608 929 1654 mum
965 1581 1148 1653 valet
1182 1594 1253 1652 et
1285 1579 1501 1650 fides:
1550 1575 1984 1672 forumque⁶
2033 1586 2114 1643 ut
2148 1569 2419 1670 publici
2466 1573 2684 1640 inter-

731 1716 971 1801 pretes
1004 1713 1240 1773 essent
1273 1699 1427 1796 lege
1461 1700 1846 1769 sanximus.

831 1828 980 1894 Iam
1015 1820 1105 1892 de
1137 1819 1599 1916 haruspicum
1631 1814 2014 1910 religione,
2041 1811 2133 1883 de
2161 1805 2688 1909 expiationibus

732 1955 803 2012 et
853 1934 1523 2039 procurationibuS,
1565 1938 1731 2006 satis
1786 1956 2148 2032 supraque
2172 1941 2198 1978 ⁷
2248 1934 2321 2000 in
2355 1933 2503 2027 ipsa
2535 1927 2689 2026 lege

733 2060 1005 2131 dictum
1029 2072 1227 2156 puto,
1280 2060 1423 2127 Att.
1449 2056 1853 2141 Assentior,
1883 2054 2231 2149 quoniam
2258 2052 2493 2120 omnis
2516 2047 2693 2119 haec

733 2183 808 2249 in
850 2178 1195 2274 religione
1225 2189 1550 2246 versatur
1585 2176 1838 2243 orati0.

834 2300 930 2367 M.
985 2300 1074 2368 At
1110 2319 1318 2385 vero,
1369 2292 1573 2391 quod
1621 2295 1982 2389 sequitur,
2032 2287 2409 2386 quomodo
2457 2300 2580 2358 aut
2612 2301 2693 2356 tu

581 2431 674 2484 35.
740 2419 1162 2505 assentiare,
1209 2429 1334 2488 aut
1390 2437 1524 2511 ego
1574 2408 2134 2509 reprehendam,
2185 2432 2353 2479 sane
2389 2430 2695 2503 quaem,

738 2540 917 2609 Tite.
1019 2539 1160 2607 Att.
1207 2533 1404 2625 Quid
1453 2532 1746 2606 tandem
1793 2530 1872 2602 id
1916 2530 2069 2603 est?
2116 2534 2212 2600 M.
2263 2533 2370 2601 De
2408 2540 2699 2597 noctur-

742 2659 855 2726 nis
933 2652 1295 2727 sacrificiis
1374 2651 1784 2724 mulierum.
1905 2654 2048 2722 Att.
2123 2654 2273 2744 Ego
2348 2671 2521 2718 vero
2595 2670 2700 2717 as·

745 2778 1048 2865 sentior,
1114 2787 1416 2871 excepto
1484 2773 1906 2871 praesertim
1975 2772 2049 2839 in
2123 2772 2275 2867 ipsa
2339 2767 2494 2863 lege
2566 2764 2702 2836 sol-

744 2896 942 2967 lenni
996 2880 1341 2966 sacrificio
1391 2916 1473 2965 ac
1521 2889 1835 2989 publico.
1936 2893 2032 2959 M.
2085 2885 2274 2978 Quid
2324 2910 2498 2983 ergo
2541 2898 2704 2984 aget

748 3013 1086 3102 Iacchu5‚
1140 3010 1753 3111 Eumolpidaeque
1795 3011 2012 3080 vestri
2035 3022 2100 3098 ⁸,
2151 3021 2224 3079 et
2254 3020 2551 3104 augusta
2589 3003 2706 3075 illa

756 3137 1127 3230 mysteria,
1196 3135 1255 3202 si
1313 3129 1612 3227 quidem
1671 3151 1868 3199 sacra
1926 3139 2283 3199 nocturna
2341 3121 2711 3196 tollimus?

598 3272 687 3325 86.
755 3254 920 3322 Non
975 3254 1165 3321 enim
1213 3248 1486 3348 populo
1531 3253 1899 3337 Roman0,
1948 3246 2074 3319 sed
2122 3243 2462 3317 omnibus
2498 3242 2713 3314 bonis

637 3427 644 3436 .
756 3371 1128 3467 firmisque
1183 3367 1471 3468 populis
1530 3367 1722 3467 leges
1789 3366 2064 3439 damus,
2189 3371 2332 3437 Att.
2397 3365 2713 3461 Excipis»,

758 3490 1012 3581 credo,
1062 3491 1216 3579 illa,
1263 3487 1528 3586 quibus
1579 3491 1717 3586 ipsi
1750 3488 2003 3558 initiati
2039 3508 2307 3556 sumuS.
2407 3487 2502 3554 M.
2563 3486 2714 3578 Ego

760 3636 935 3683 vero
987 3612 1354 3708 excipiam.
1465 3610 1647 3680 Nam
1690 3605 1867 3680 mihi
1908 3629 2136 3703 quum
2191 3602 2414 3675 multa
2455 3605 2716 3674 eximia

761 3728 1148 3826 divinaque
1185 3727 1525 3799 videntur
1556 3723 1877 3797 Athenae
1905 3738 2072 3796 tuae
2105 3724 2466 3821 peperisse
2496 3731 2717 3815 atque

762 3854 838 3921 in
874 3852 1018 3921 vita
1053 3845 1431 3918 hominum
1468 3844 1826 3935 attulisse,
1881 3857 2038 3915 tum
2071 3840 2249 3912 nihil
2286 3840 2541 3914 melius
2578 3838 2714 3910 illis

821 4045 842 4082 ¹
878 4053 1044 4114 putat.
1114 4043 1138 4081 ²
1172 4043 1468 4115 dupliciter.
1541 4049 1565 4087 ²
1601 4047 1684 4099 nd.
1756 4049 1780 4088 δ
1816 4055 1868 4098 et
1895 4046 2023 4114 ipa.
2096 4047 2121 4083 ³
2155 4040 2296 4115 [οη.
2367 4046 2391 4082 ⁸
2417 4041 2731 4109 horumque.

754 4133 778 4169 ⁷
815 4143 1090 4200 superque.
1163 4132 1187 4167 ⁸
1222 4132 1403 4183 nostri.
