3131 5032
770 449 895 515 488
1448 439 1592 505 Lm.
1639 439 1737 522 11,
1784 442 1862 524 6,
1923 435 2019 507 14.

759 654 927 727 Quae
967 650 1045 709 ad
1079 649 1141 709 h.
1177 648 1219 708 l.
1252 646 1437 707 tradit
1482 644 1828 719 Turnebus,
1878 663 1951 703 ea
2000 643 2302 704 debentur
2349 643 2609 705 Asconio
2657 647 2728 705 in

760 754 1174 816 cornelianam
1216 771 1276 832 p.
1311 750 1390 811 68
1407 796 1431 825 ,
1468 749 1653 810 Orell.
1686 783 1769 794 —
1802 747 1931 808 Mox
1963 748 2328 808 servandum
2359 748 2513 826 suit,
2554 749 2728 829 quod

760 865 823 918 et
869 857 1084 916 melior
1134 863 1195 915 et
1242 853 1435 913 maior
1485 873 1621 932 pars
1672 851 1858 913 Codd.
1909 852 2122 926 hahet,
2165 874 2204 912 a
2250 852 2476 913 duobus
2516 855 2725 913 vohis:

753 980 899 1021 nam
941 960 1129 1037 magis
1170 956 1507 1035 significare
1549 956 1787 1015 volebat
1818 975 1881 1014 se
1915 954 2188 1030 duobus,
2228 974 2415 1034 quam
2453 957 2725 1035 ipsorum

757 1064 1057 1142 suffragiis
1094 1061 1222 1121 fore
1261 1068 1634 1121 contentum.

840 1180 908 1227 ut
949 1198 1032 1212 —-
1065 1167 1230 1246 secie
1275 1164 1487 1236 Plato,
1527 1195 1608 1207 —
1648 1162 1717 1219 id
1757 1161 1908 1220 mihi
1954 1163 2121 1222 credo
2174 1184 2295 1222 em
2329 1161 2728 1243 faciundum)

754 1271 881 1332 Hoc
943 1268 1221 1346 exemplo
1282 1265 1634 1326 defenditur
1686 1265 1789 1340 id,
1851 1284 1960 1343 pro
2007 1265 2199 1340 idem,
2258 1265 2427 1345 quod
2478 1266 2728 1326 Beierus

758 1374 992 1447 tenuit,
1033 1372 1098 1430 in
1133 1368 1296 1429 Offic.
1330 1369 1395 1445 1,
1442 1369 1508 1443 1,
1556 1369 1624 1443 1,
1678 1368 1787 1448 qui
1822 1376 2133 1446 praeterea
2169 1381 2472 1448 utramque
2504 1370 2723 1428 omn‘o-

757 1498 893 1536 nem
941 1494 1262 1555 perperam
1310 1474 1740 1551 interpretatur
1790 1496 1819 1528 »
1839 1471 2196 1550 popularem
2240 1479 2303 1531 et
2349 1471 2639 1531 eruditam
2657 1476 2722 1548 ,''

759 1600 953 1661 quum
998 1577 1150 1638 velit
1185 1577 1393 1636 Cicero
1430 1576 1766 1635 »Graecam
1801 1583 1862 1633 et
1899 1576 2228 1635 Latinam.'’
2313 1575 2620 1635 Omittitur
2655 1576 2730 1633 id

758 1685 998 1743 inverso
1043 1680 1258 1741 ordine
1299 1677 1794 1757 comparationis,
1843 1675 2042 1735 Divin.
2089 1675 2157 1748 1,
2219 1673 2294 1750 4,
2354 1676 2431 1750 7,
2468 1678 2729 1758 sacien-

760 1788 901 1846 dum
953 1785 1214 1858 videtur,
1273 1794 1340 1841 ut
1390 1782 1707 1862 diligenter
1758 1813 1836 1824 —
1889 1799 2319 1858 corriperemus,
2360 1790 2428 1837 ut
2455 1781 2727 1858 fecimus

757 1893 829 1950 in
881 1890 977 1948 his
1028 1888 1216 1947 tribus
1266 1887 1457 1946 libris.
1501 1918 1583 1929 —
1624 1884 1708 1942 De
1740 1883 2028 1960 reliquis,
2072 1902 2194 1940 non
2227 1871 2496 1941 reticebo
2530 1882 2726 1942 videri

758 1993 914 2052 mihi
957 1999 1149 2050 totum
1196 1988 1398 2048 locum
1441 1985 1976 2065 impudentissimis
2024 1986 2585 2064 interpolationibus
2634 1987 2728 2045 iu·

757 2097 1077 2176 quinatum
1126 2110 1268 2152 esse.
1369 2088 1530 2164 Quid
1587 2090 1752 2147 enim
1807 2088 1885 2147 ad
1940 2088 2098 2148 banc
2152 2088 2441 2149 sermonis
2493 2095 2727 2168 partem

756 2197 1020 2278 pertinet
1048 2192 1354 2251 Platonem
1388 2190 1677 2267 appellari
1706 2190 1901 2248 virum
1929 2188 2360 2266 doctissimum,
2394 2198 2456 2251 et
2482 2191 2730 2251 eunden

751 2298 1175 2383 gravissimum
1225 2294 1489 2351 omnium
1518 2290 2044 2371 philosophorum?
2126 2290 2200 2349 ld
2248 2291 2414 2352 enim
2433 2338 2452 2366 ,
2493 2290 2570 2350 de
2601 2312 2731 2370 quo

757 2403 956 2482 agitur
975 2445 993 2475 ,
1035 2397 1378 2457 institutum
1424 2394 1718 2472 prooemii
1764 2393 2225 2472 praemittendi,
2267 2414 2389 2454 non
2427 2402 2589 2454 tauta
2621 2403 2732 2454 aut

757 2505 1033 2568 doctrina
1052 2551 1071 2579 ,
1105 2508 1210 2561 aut
1239 2499 1531 2577 gravitate
1558 2497 1863 2558 constabat
1889 2498 2111 2576 insigni
2132 2497 2416 2577 quadam.
2475 2497 2732 2574 Quando

759 2611 903 2671 talia
945 2616 1083 2685 apte
1130 2602 1593 2683 praedicentur,
1648 2602 1957 2680 apparebit
2004 2602 2234 2661 collatis
2276 2602 2445 2663 Tusc.
2491 2601 2569 2677 V,
2614 2602 2730 2678 12,

758 2714 892 2772 init.
947 2712 1105 2771 Orat.
1163 2706 1271 2781 19,
1321 2705 1439 2781 62,
1489 2703 1569 2763 de
1613 2704 1896 2778 Platone,
1952 2712 2083 2763 tum
2124 2704 2291 2765 Tum.
2337 2706 2414 2780 V,
2461 2704 2570 2780 18,
2612 2706 2729 2781 51,

763 2815 842 2875 de
894 2815 1260 2883 Xenocrate,
1314 2809 1750 2886 similibusque.
1849 2807 2059 2866 Simile
2101 2807 2578 2868 additamentum
2624 2809 2732 2869 de-

761 2919 1127 2999 prehensum
1182 2921 1268 2973 est
1322 2913 1386 2971 in
1440 2910 1605 2972 Offic.
1652 2911 1720 2987 1,
1775 2910 1891 2986 30,
1949 2910 2099 2986 109,
2144 2911 2251 2970 ubi
2290 2920 2480 2972 totum
2530 2912 2727 2988 illud,

760 3044 835 3081 ne
884 3023 1267 3082 Xenocratem
1326 3016 1560 3096 quidem
1623 3047 1703 3059 —
1765 3016 1989 3074 clarum
2033 3017 2270 3095 fuisse,
2330 3016 2726 3076 resecandum

765 3147 892 3188 esse
941 3133 1002 3185 et
1053 3121 1470 3201 disputationis
1520 3119 1673 3177 ratio
1725 3119 2025 3197 ordoque,
2078 3126 2140 3177 et
2174 3121 2566 3196 grammatica
2617 3118 2733 3179 do-

762 3239 880 3291 cet.
978 3229 1289 3288 Praeterea
1308 3270 1325 3300 ,
1381 3242 1562 3301 quam
1623 3222 1827 3300 inepte
1881 3222 1944 3281 h.
1997 3222 2041 3282 l.
2098 3222 2483 3283 inculcantur
2545 3224 2694 3283 haec
2709 3270 2731 3299 ,

767 3336 875 3413 qui
904 3334 1186 3413 princeps
1236 3360 1321 3374 —·
1374 3327 1443 3385 de
1496 3325 1725 3407 legibus
1785 3325 1959 3385 eins?
2007 3325 2179 3403 quasi
2224 3346 2347 3385 non
2365 3373 2383 3402 ,
2436 3334 2733 3405 quantum

766 3437 903 3495 satis
969 3442 1096 3493 erat
1112 3478 1129 3508 ,
1196 3431 1328 3491 eius
1404 3428 1774 3488 auctoritatis
1837 3427 2065 3488 mentio
2128 3427 2286 3488 faeta
2348 3437 2496 3489 esset
2556 3449 2735 3508 supra

767 3539 837 3613 1,
880 3540 955 3614 5,
1002 3538 1112 3596 15:
1156 3542 1261 3594 aut
1310 3532 1478 3611 quasi
1526 3532 1776 3591 omnino
1819 3531 1936 3590 hoc
1968 3532 2299 3610 pertineret
2331 3532 2410 3591 ad
2442 3533 2737 3611 quaestio-

765 3658 909 3700 nem
930 3685 947 3713 ,
988 3646 1198 3697 utrum
1230 3636 1611 3715 prooemium
1645 3635 1814 3713 prius
1846 3634 2225 3694 recitandum
2260 3643 2444 3709 esset,
2485 3655 2600 3695 nec
2634 3655 2734 3697 ne.

766 3742 991 3802 Rursus
1043 3759 1151 3799 suo
1204 3740 1372 3813 loco,
1431 3738 1594 3798 infra
1647 3738 1772 3812 ΙΙΙ,
1832 3738 1907 3812 6,
1973 3736 2086 3813 14,
2146 3738 2374 3797 dicitur
2429 3737 2738 3799 Platonem

755 3848 1093 3927 principem
1146 3842 1324 3902 fuisse
1377 3843 1440 3900 in
1497 3842 1606 3901 illo
1656 3861 1877 3918 genere
1909 3841 2233 3902 scribendi.
2317 3841 2576 3902 Omnino
2609 3863 2736 3902 nou

769 3958 1004 4010 tautum
1042 3945 1253 4027 putida
1291 3954 1378 4006 est
1411 3946 1526 4005 hac
1562 3946 2087 4017 commemoratio,
2129 3947 2380 4024 itemque
2420 3949 2738 4025 separatim

768 4054 836 4112 de
896 4054 1158 4133 legibus,
1206 4049 1313 4109 sed
1357 4049 1522 4126 quod
1572 4047 1857 4106 adiicitur
1900 4051 2030 4108 eius
2062 4048 2465 4125 ignorantiam
2498 4048 2736 4127 prodit:

768 4176 966 4235 neque
1027 4154 1189 4215 enim
1251 4154 1602 4213 Ciceronem
1663 4149 1875 4227 sugere
1940 4153 2171 4230 potuit,
2230 4151 2493 4213 Platonis
2550 4152 2740 4233 Leges
