3131 5032
1111 472 1250 538 Lm.
1299 470 1392 556 11,
1440 471 1519 558 7,
1578 475 1675 540 18.
2230 469 2354 545 497

418 693 722 763 possumus
737 724 757 756 ,
797 677 1094 741 voluntate
1124 689 1275 741 ceree
1300 679 1567 760 proxime
1596 677 1945 739 accedimus.
1986 677 2134 740 ibid.
2167 677 2209 740 2
2227 725 2248 758 ,
2285 681 2329 743 6
2341 726 2361 758 ,

420 782 772 867 exspectatio
803 781 1128 842 imitandae
1161 781 1488 842 industriae
1521 792 1770 842 nostrae.
1811 780 1978 842 Tusc.
2006 781 2070 859 1,
2111 784 2221 859 25,
2261 782 2364 846 fin.

422 907 497 948 ne
522 889 591 946 in
612 885 856 967 epham
884 883 1118 964 quidem
1142 882 1365 943 eosdem
1389 895 1579 944 motus
1604 883 1980 945 Archimedes
2002 887 2132 945 sine
2159 886 2366 946 divino

422 991 669 1072 ingenio
698 989 989 1069 potuisset
1024 989 1274 1048 imitari.
1314 987 1464 1049 ibid.
1509 987 1600 1063 11,
1645 985 1675 1046 1
1693 1031 1713 1063 ,
1753 986 1822 1062 3,
1863 988 2020 1067 quod
2048 1011 2109 1049 se
2142 991 2375 1051 imitari

419 1113 589 1174 posse
640 1091 1009 1172 confiderent.
1062 1090 1189 1153 Fin.
1238 1088 1319 1166 V,
1360 1093 1430 1167 5,
1475 1088 1581 1166 14,
1625 1089 1917 1150 Critolaus
1954 1092 2188 1154 imitari
2218 1094 2373 1154 antia

427 1217 575 1278 quoe
607 1196 813 1256 voluit.
891 1193 1066 1255 Idem
1082 1239 1102 1272 ,
1133 1194 1250 1254 nisi
1273 1190 1480 1271 fallor,
1513 1192 1780 1254 retinere
1808 1192 2067 1255 debebat
2089 1195 2378 1256 Ruhnke-

426 1299 601 1360 nium
636 1319 672 1361 a
706 1297 1063 1377 corrigendo
1104 1296 1334 1358 Velleio
1368 1295 1501 1357 Pac.
1533 1296 1565 1356 1
1584 1342 1603 1373 ,
1647 1294 1758 1372 16,
1799 1295 1839 1356 3
1858 1343 1877 1374 ,
1928 1296 2036 1357 ubi
2079 1297 2157 1358 de
2191 1297 2383 1359 Comi·

427 1403 515 1464 cis
562 1403 752 1482 poetis
803 1400 1032 1461 dicitur
1044 1445 1062 1476 ,
1106 1419 1290 1479 neque
1327 1399 1621 1459 imitanda
1654 1400 1936 1479 reliquere
1953 1424 1974 1458 .·
2016 1400 2255 1460 volebat
2287 1400 2385 1464 vir

429 1523 698 1566 summus
750 1523 936 1585 neque
986 1501 1406 1562 emendandam
1454 1502 1767 1582 reliquere.-
1823 1502 1928 1561 sed
1975 1503 2253 1582 vulgatae
2282 1502 2389 1563 hic

431 1627 636 1669 sensus
685 1615 808 1683 est,
866 1607 975 1687 qui
1022 1604 1364 1665 imitaretur
1381 1647 1401 1680 ,
1452 1604 1496 1664 i.
1534 1624 1590 1666 e.
1634 1613 2138 1685 consequeretur,
2188 1613 2393 1686 postea

431 1718 705 1789 repertus
747 1716 836 1770 est
880 1726 1093 1784 nemo,
1133 1727 1255 1787 quo
1289 1706 1521 1768 modo·
1502 1727 1569 1767 ιιι
1604 1707 1859 1769 Homero
1895 1706 2151 1788 aliisque
2182 1708 2390 1789 loqui-

432 1822 535 1874 tur
582 1814 709 1893 ipse
749 1810 1013 1874 Velleius
1042 1811 1109 1887 I,
1151 1812 1226 1888 5,
1267 1810 1328 1872 2.
1407 1809 1678 1891 Requiro
1709 1818 2022 1891 praeterea
2064 1811 2131 1871 in
2176 1811 2390 1873 eodem

432 1917 595 1995 1000,
634 1917 765 1976 eim
801 1935 922 1974 non
962 1916 1173 1975 aetatis
1210 1915 1405 1996 magis
1443 1935 1621 1994 quom
1660 1915 1869 1995 operis.

511 2039 776 2101 exprome
800 2051 883 2065 —
908 2020 1057 2079 istae
1087 2019 1238 2100 leges
1276 2018 1345 2077 de
1377 2015 1688 2100 religione)
1767 2015 2202 2096 corrigendum
2239 2025 2388 2097 puto

433 2123 632 2204 ipsas,
685 2129 756 2182 ut
801 2121 982 2183 modo
1033 2120 1271 2182 dixerat
1318 2119 1708 2199 neapo,
1772 2119 1874 2196 14,
1932 2121 2123 2200 ipsam
2173 2120 2390 2202 legem.-

436 2224 693 2286 alterum
737 2244 988 2304 pronon.
1034 2223 1112 2285 de
1153 2225 1260 2301 iis,
1301 2239 1456 2303 quae
1497 2222 1771 2284 nondum
1812 2221 2016 2283 audita
2046 2241 2250 2304 neque
2284 2244 2392 2286 ex·—

433 2329 623 2406 posita
664 2335 837 2386 erant
852 2371 869 2400 ,
908 2325 1035 2384 dici
1073 2345 1197 2385 non
1235 2333 1488 2405 poterat.

518 2428 561 2510 ς
604 2427 699 2488 18.
781 2429 1063 2506 quonium
1107 2439 1164 2486 et
1211 2428 1370 2487 locus
1405 2439 1462 2488 et
1491 2448 1677 2488 sermo
1705 2427 2052 2508 familiaris
2085 2427 2197 2510 est)
2274 2431 2391 2506 Qui

438 2531 630 2592 locum
654 2530 731 2592 de
756 2529 954 2591 insula
984 2531 1051 2588 in
1078 2528 1357 2605 Fibreno,
1397 2550 1715 2590 sennonem
1742 2530 1821 2592 de
1851 2532 1969 2591 hoc
1997 2532 2126 2611 ipso
2153 2532 2392 2612 dialogo

437 2632 670 2693 dictum
700 2637 915 2710 putant
929 2676 948 2706 ,
977 2628 1255 2689 aberrare
1289 2631 1443 2691 mihi
1472 2631 1760 2692 videntur
1792 2653 1827 2694 a
1862 2653 2005 2694 vera
2038 2634 2393 2713 interpreta-

437 2735 621 2798 tione.
699 2735 850 2795 Nam
876 2735 1038 2794 locus
1064 2734 1425 2813 intelligitur
1451 2734 1529 2795 de
1554 2735 1878 2815 religione,
1919 2745 2024 2799 aut
2047 2738 2388 2818 religionist

436 2858 623 2900 sermo
668 2845 757 2897 est
801 2856 993 2916 genus
1037 2837 1319 2897 orationis
1353 2844 1416 2897 et
1455 2838 1780 2900 verborum
1796 2886 1816 2917 ,
1857 2860 1981 2920 quo
2013 2840 2079 2900 in
2111 2843 2226 2902 isto
2258 2843 2392 2904 loco

437 2940 739 3002 utendum
790 2947 896 3001 est.
992 2940 1285 3014 Quoniam
1350 2948 1610 3019 uterque
1666 2942 1839 3002 nobis
1871 2946 2215 3025 familiaris
2266 2954 2353 3006 est
2372 2994 2392 3023 ,

437 3043 673 3123 inquit,
725 3042 772 3103 i.
816 3062 873 3104 e.
924 3043 1233 3120 cognitus,
1289 3051 1603 3122 propterea
1652 3044 1806 3124 ipsas
1851 3046 2022 3126 quasi
2075 3048 2389 3128 loquentes

435 3166 799 3228 proponam,
852 3145 894 3207 i.
939 3167 994 3207 e.
1041 3167 1165 3208 non
1210 3165 1284 3206 ex
1329 3167 1466 3209 mea
1515 3168 1768 3227 persona
1822 3153 2178 3212 sententiam
2211 3152 2393 3215 modo

434 3249 732 3328 cuiusque
755 3248 907 3327 legis
938 3249 1450 3327 commemorabo,
1483 3250 1592 3312 sed
1622 3250 1841 3331 fingam
1872 3254 2034 3332 leges
2066 3275 2136 3316 ea
2167 3255 2388 3335 forma,

433 3371 629 3433 eoque
677 3371 955 3413 sennone
969 3398 988 3429 ,
1046 3371 1171 3432 quo
1221 3352 1322 3412 edi
1370 3362 1433 3413 et
1485 3356 1741 3434 proponi
1790 3356 2002 3417 solent.
2098 3357 2389 3421 Codicum

435 3454 812 3533 corruptelae
844 3455 911 3514 in
942 3474 1107 3535 seqq.
1145 3456 1476 3517 levissimae
1511 3465 1681 3535 sunt,
1707 3477 1822 3520 nec
1855 3480 2223 3542 quemquam
2256 3484 2392 3525 mo—

439 3558 559 3616 rari
607 3557 845 3619 dehent.
896 3591 980 3605 —
1025 3559 1156 3620 Mox
1215 3561 1582 3640 complures,
1646 3582 1770 3623 nou
1834 3564 2109 3628 inaudito
2166 3588 2390 3647 genere

441 3657 684 3718 mendi
700 3704 718 3733 ,
758 3662 970 3721 inesset
1009 3682 1119 3740 pro
1156 3664 1225 3721 id
1261 3676 1365 3726 est.

522 3770 663 3819 eum
718 3771 871 3820 cerea
917 3763 1107 3844 legum
1160 3767 1356 3847 verba)
1435 3768 1636 3842 Quum
1687 3768 1880 3848 prisca
1915 3771 2210 3833 vocabula
2243 3774 2394 3833 anti·

440 3861 859 3944 quissimurum
911 3863 1309 3927 formularum
1355 3870 1777 3932 obsolevissent
1792 3917 1812 3948 ,
1864 3893 1978 3934 nec
2028 3873 2157 3934 fere
2208 3876 2323 3935 nisi
2359 3897 2395 3936 a

438 3965 692 4025 literatis
732 3966 1248 4046 intelligerentur,
1290 3974 1574 4033 remansit
1621 3982 1822 4035 tumen
1859 3976 1922 4034 in
1958 3976 2393 4038 recentioribus

438 4067 610 4129 color
656 4066 904 4147 quidam
951 4069 1347 4151 antiquitatis,
1408 4084 1469 4135 et
1514 4076 1593 4136 ad
1629 4077 1788 4138 hanc
1821 4098 2094 4139 normam
2126 4079 2396 4140 historici

443 4190 691 4253 quoque
741 4173 1134 4237 vetustissima
1179 4194 1458 4256 quaeque
1510 4178 1839 4241 reformare
1887 4181 2110 4242 solent:
2152 4203 2271 4262 qua
2318 4183 2396 4244 de

2055 4284 2132 4345 32
