3131 5032
1631 491 1728 565 38

706 711 1038 809 patriam,
1060 707 1354 780 alteram
1379 710 1588 797 iuris;
1617 719 1703 777 ut
1723 708 1941 777 vestri
1964 707 2213 794 Attici,
2236 705 2659 803 priusquam

704 826 1019 900 Theseus
1066 852 1190 899 eos
1226 826 1628 923 demigrare
1662 849 1751 896 ex
1781 827 1968 922 agris
2005 836 2080 895 et
2117 825 2194 894 in
2230 836 2421 913 astu,
2456 820 2661 919 quod

703 946 1143 1046 appellatur,
1180 970 1432 1018 omnes
1464 970 1542 1017 se
1574 924 1905 1017 conferre
1930 945 2166 1033 iussit,
2198 956 2273 1014 et
2294 945 2429 1014 sim
2455 954 2662 1013 erant

702 1065 900 1138 idem
915 1081 936 1119 ¹
979 1079 1054 1138 et
1087 1068 1336 1154 Attici;
1376 1067 1479 1136 sic
1501 1088 1636 1135 nos
1660 1078 1732 1135 et
1757 1087 1914 1136 eam
1937 1065 2243 1162 patriam
2271 1058 2608 1133 ducimus
2627 1066 2659 1107 ²

703 1183 832 1256 ubi
880 1189 1061 1276 nati,
1108 1198 1183 1257 et
1234 1183 1428 1256 illam
1475 1208 1619 1280 qua
1659 1186 1939 1282 excepti
1981 1205 2249 1253 sumus.
2322 1178 2473 1252 ‘Sed
2499 1201 2667 1251 neo-

702 1329 859 1377 esse
898 1314 1007 1376 est
1049 1307 1342 1377 caritate
1368 1328 1526 1375 eam
1551 1316 1940 1402 praestare,
1967 1326 2112 1400 qua
2147 1302 2251 1372 rei
2281 1298 2663 1399 publicam

703 1447 976 1495 nomen
1024 1426 1396 1495 universae
1446 1424 1752 1494 civitatis
1792 1435 1936 1510 est;
1976 1444 2114 1519 pro
2154 1442 2300 1516 qua
2333 1419 2551 1508 mori,
2590 1430 2666 1490 et
2724 1514 2733 1521 ·

707 1545 828 1615 cui
862 1566 997 1614 nos
1035 1556 1229 1614 totos
1266 1540 1565 1632 dedere,
1599 1554 1673 1613 et
1700 1545 1776 1612 in
1817 1564 1962 1637 qua
1987 1552 2233 1611 nostra
2264 1540 2509 1611 omnia
2537 1561 2668 1638 po-

706 1686 882 1734 nere
917 1676 992 1734 et
1026 1665 1233 1760 quasi
1266 1685 1686 1733 consecrare
1717 1658 2100 1733 debemus:
2149 1657 2379 1732 dulcis
2418 1670 2667 1731 autem

705 1805 859 1852 non
914 1780 1148 1853 multo
1197 1806 1404 1856 secus
1450 1795 1555 1853 est
1596 1806 1681 1853 ea
1731 1804 1918 1878 quae
1957 1783 2239 1877 genuit,
2283 1803 2504 1877 quam
2543 1777 2666 1852 illa

697 1923 895 1995 quae
941 1904 1243 1999 excepit.
1339 1905 1593 1997 Itaque
1638 1922 1775 1996 ego
1827 1897 2017 1970 hanc
2058 1923 2292 1971 meam
2333 1922 2486 1971 esse
2535 1922 2664 1998 pa-

703 2027 915 2098 triam
975 2051 1271 2125 prorsus
1323 2051 1727 2124 numquam
1770 2025 2084 2126 negab0‚
2126 2026 2302 2098 dum
2344 2026 2466 2099 illa
2513 2028 2660 2097 sit*¹

703 2149 971 2237 maior,
1002 2143 1182 2219 haec
1213 2149 1290 2216 in
1323 2170 1408 2219 ea
1439 2150 1924 2237 contineatur,
1957 2144 2180 2219 habet
2209 2149 2552 2233 civitates,
2591 2159 2666 2217 et

705 2290 927 2338 unam
964 2265 1158 2339 illam
1199 2269 1560 2340 civitatem
1605 2281 1812 2366 putat
1848 2278 1900 2338 ⁵.
1997 2270 2141 2339 Att.
2191 2271 2412 2338 Recte
2443 2268 2666 2364 igitur

705 2389 1011 2483 Magnus
1048 2384 1167 2457 ille
1199 2400 1444 2459 noster
1473 2410 1592 2458 me
1621 2385 1960 2459 audiente
1990 2388 2234 2485 posuit
2262 2389 2338 2457 in
2374 2385 2665 2477 iudiciO,

704 2529 937 2603 quum
969 2529 1106 2605 pro
1140 2505 1449 2579 Ambio·
1490 2520 1734 2580 tecum
1767 2505 1980 2579 simul
2010 2504 2316 2598 diceret,
2348 2531 2499 2578 rem
2530 2531 2667 2606 pu-

703 2624 969 2697 blicam
995 2640 1318 2698 nostram
1341 2629 1759 2699 iustissimas
1785 2625 1957 2698 huic
1979 2629 2377 2725 municipio
2404 2629 2668 2724 gratias

705 2766 919 2842 agere
969 2767 1214 2843 posse,
1266 2744 1469 2844 quod
1514 2770 1605 2818 ex
1643 2770 1733 2818 eo
1783 2745 1933 2817 duo
1981 2748 2095 2818 sui
2129 2759 2668 2818 conservatores

707 2867 1179 2956 exstitissent;
1225 2879 1308 2936 ut
1349 2869 1492 2938 iam
1536 2864 1781 2938 videar
1815 2864 2079 2939 adduci
2113 2863 2301 2938 hanc
2336 2890 2667 2964 quoque,

707 3008 899 3080 quae
930 2997 1003 3056 te
1035 2990 1460 3084 procrearit,
1494 3010 1650 3059 esse
1679 2989 1981 3085 patriam
2014 3000 2233 3058 tuam.

799 3102 943 3175 Sed
977 3118 1277 3176 ventum
1312 3108 1387 3174 in
1419 3105 1728 3178 insulam
1764 3119 1891 3177 est.
1990 3111 2144 3178 Hoc
2166 3113 2196 3151 ⁷
2233 3127 2407 3177 vero
2441 3104 2665 3176 nihil·

709 3218 1112 3293 amoenius!
1184 3227 1510 3295 Etenim⁹
1554 3223 1701 3296 hoc
1732 3228 1936 3321 quasi
1968 3240 2202 3297 rostro
2233 3224 2538 3296 finditur
2562 3226 2671 3296 Fi·
2769 3307 2775 3312 ,

709 3337 1020 3430 Ιπεηιιε,
1048 3353 1121 3412 et
1151 3339 1418 3414 divisus
1448 3344 1841 3440 aequaliter
1873 3348 1947 3416 in
1977 3344 2153 3419 duas
2180 3359 2420 3445 partes
2444 3345 2669 3418 latera

709 3458 891 3532 haec
918 3460 1153 3553 alluit,
1187 3461 1582 3562 rapideque
1610 3463 1926 3565 dilapsus
1953 3469 2099 3538 cito
2118 3470 2203 3536 in
2229 3490 2461 3537 unum
2494 3487 2668 3536 con-

707 3577 897 3668 fluit,
949 3594 1021 3651 et
1066 3595 1350 3654 tantum
1396 3585 1902 3685 complectitur
1948 3585 2150 3684 quod
2186 3589 2355 3658 satis
2386 3589 2478 3658 sit
2510 3610 2667 3657 mo-

707 3697 910 3772 dicae
961 3700 1349 3799 palaestrae
1395 3703 1564 3776 loci:
1616 3728 1770 3803 quo
1830 3703 2120 3797 effecto,
2174 3720 2542 3804 tamquam
2589 3704 2669 3778 id

706 3818 1046 3893 habuerit
1092 3826 1331 3921 operis
1363 3848 1448 3896 ac
1477 3829 1796 3899 muneris
1831 3842 1913 3899 ut
1951 3827 2139 3900 hanc
2177 3826 2389 3899 nobis
2423 3824 2665 3898 effice-

770 4027 792 4063 Ι
831 4027 984 4078 iuuit
1002 4061 1020 4092 ,
1056 4027 1525 4098 nymphrnntidem.
1597 4033 1622 4069 ²
1657 4030 1902 4085 dicimus.
1974 4035 1998 4071 ⁸
2032 4049 2063 4086 ο
2096 4048 2198 4101 qu·
2226 4030 2411 4103 populi
2440 4030 2679 4084 Romani.

699 4109 726 4149 ἱ
760 4109 827 4161 sit
861 4108 971 4161 illa.
1057 4111 1083 4149 ⁸
1116 4127 1220 4165 om.
1254 4110 1414 4167 habet
1447 4143 1515 4157 —
1549 4125 1712 4184 putat.
1789 4122 1814 4158 ⁸
1850 4114 2026 4170 Bulbo.
2097 4119 2125 4157 ἲ
2158 4115 2275 4170 hnc.
2349 4121 2374 4158 ⁸
2409 4115 2547 4170 nihil
2581 4125 2682 4170 est·

699 4198 724 4233 ⁹
760 4204 815 4247 ut
850 4194 1014 4248 enim.
