<?xml version="1.0" encoding="UTF-8"?>
<!DOCTYPE html PUBLIC "-//W3C//DTD XHTML 1.0 Transitional//EN"
    "http://www.w3.org/TR/xhtml1/DTD/xhtml1-transitional.dtd">
<html xmlns="http://www.w3.org/1999/xhtml" xml:lang="en" lang="en">
 <head>
  <title>
</title>
<meta http-equiv="Content-Type" content="text/html;charset=utf-8" />
  <meta name='ocr-system' content='tesseract 3.04.00' />
  <meta name='ocr-capabilities' content='ocr_page ocr_carea ocr_par ocr_line ocrx_word'/>
</head>
<body>
  <div class='ocr_page' id='page_1' title='image "./mtulliiciceroni02bakegoog_0537.png"; bbox 0 0 3131 5032; ppageno 0'>
   <div class='ocr_carea' id='block_1_1' title="bbox 755 465 1996 552">
    <p class='ocr_par' dir='ltr' id='par_1_1' title="bbox 755 465 1996 552">
     <span class='ocr_line' id='line_1_1' title="bbox 755 465 1996 552; baseline -0.005 -15"><span class='ocrx_word' id='word_1_1' title='bbox 755 469 886 537; x_wconf 75' lang='lat'><strong>468</strong></span> <span class='ocrx_word' id='word_1_2' title='bbox 1469 466 1616 535; x_wconf 77' lang='lat' dir='ltr'><strong>Lm.</strong></span> <span class='ocrx_word' id='word_1_3' title='bbox 1666 465 1764 552; x_wconf 88' lang='lat'><strong>11,</strong></span> <span class='ocrx_word' id='word_1_4' title='bbox 1807 467 1886 551; x_wconf 83' lang='lat'><strong>2,</strong></span> <span class='ocrx_word' id='word_1_5' title='bbox 1928 469 1996 534; x_wconf 71' lang='lat'><strong>5.</strong></span> 
     </span>
    </p>
   </div>
   <div class='ocr_carea' id='block_1_2' title="bbox 748 667 2744 4256">
    <p class='ocr_par' dir='ltr' id='par_1_2' title="bbox 752 667 2744 3327">
     <span class='ocr_line' id='line_1_2' title="bbox 837 667 2742 755; baseline -0.002 -21"><span class='ocrx_word' id='word_1_6' title='bbox 837 696 956 755; x_wconf 73' lang='lat' dir='ltr'><strong>qua</strong></span> <span class='ocrx_word' id='word_1_7' title='bbox 987 676 1081 734; x_wconf 73' lang='lat' dir='ltr'><strong>rei</strong></span> <span class='ocrx_word' id='word_1_8' title='bbox 1106 673 1392 755; x_wconf 67' lang='lat' dir='ltr'><strong>publicae</strong></span> <span class='ocrx_word' id='word_1_9' title='bbox 1432 693 1646 734; x_wconf 70' lang='lat' dir='ltr'><strong>men</strong></span> <span class='ocrx_word' id='word_1_10' title='bbox 1689 674 2000 732; x_wconf 67' lang='lat' dir='ltr'><strong>uniamus</strong></span> <span class='ocrx_word' id='word_1_11' title='bbox 2046 671 2316 732; x_wconf 63' lang='lat' dir='ltr'><strong>civitatis</strong></span> <span class='ocrx_word' id='word_1_12' title='bbox 2347 667 2463 751; x_wconf 73' lang='lat' dir='ltr'><strong>eat)</strong></span> <span class='ocrx_word' id='word_1_13' title='bbox 2535 670 2742 731; x_wconf 56' lang='lat' dir='ltr'><strong>&amp;uu</strong></span> 
     </span>
     <span class='ocr_line' id='line_1_3' title="bbox 761 773 2744 855; baseline -0.002 -17"><span class='ocrx_word' id='word_1_14' title='bbox 761 797 921 838; x_wconf 80' lang='lat' dir='ltr'><strong>cassa</strong></span> <span class='ocrx_word' id='word_1_15' title='bbox 954 785 1112 839; x_wconf 83' lang='lat' dir='ltr'><strong>sunt.</strong></span> <span class='ocrx_word' id='word_1_16' title='bbox 1194 776 1525 855; x_wconf 66' lang='lat' dir='ltr'><strong>Madvigius</strong></span> <span class='ocrx_word' id='word_1_17' title='bbox 1557 775 1852 837; x_wconf 86' lang='lat' dir='ltr'><strong>Emendd.</strong></span> <span class='ocrx_word' id='word_1_18' title='bbox 1879 795 1943 855; x_wconf 87' lang='lat' dir='ltr'><strong>p.</strong></span> <span class='ocrx_word' id='word_1_19' title='bbox 1982 773 2052 836; x_wconf 84' lang='lat'><strong>61</strong></span> <span class='ocrx_word' id='word_1_20' title='bbox 2074 822 2094 852; x_wconf 87' lang='lat'><em>,</em></span> <span class='ocrx_word' id='word_1_21' title='bbox 2123 773 2522 853; x_wconf 78' lang='lat' dir='ltr'><strong>excogitavit,</strong></span> <span class='ocrx_word' id='word_1_22' title='bbox 2549 796 2586 834; x_wconf 78' lang='grc' dir='ltr'><strong><em>ο</em></strong></span> <span class='ocrx_word' id='word_1_23' title='bbox 2610 793 2744 854; x_wconf 69' lang='lat' dir='ltr'><strong>quc</strong></span> 
     </span>
     <span class='ocr_line' id='line_1_4' title="bbox 754 875 2742 962; baseline -0.001 -23"><span class='ocrx_word' id='word_1_24' title='bbox 754 882 977 962; x_wconf 77' lang='lat' dir='ltr'><strong>populo</strong></span> <span class='ocrx_word' id='word_1_25' title='bbox 1012 881 1282 940; x_wconf 64' lang='lat' dir='ltr'><strong>Romano</strong></span> <span class='ocrx_word' id='word_1_26' title='bbox 1312 900 1525 940; x_wconf 68' lang='lat' dir='ltr'><strong>nomen</strong></span> <span class='ocrx_word' id='word_1_27' title='bbox 1552 882 1864 939; x_wconf 67' lang='lat' dir='ltr'><strong>universae</strong></span> <span class='ocrx_word' id='word_1_28' title='bbox 1898 880 2169 938; x_wconf 69' lang='lat' dir='ltr'><strong>civitatis</strong></span> <span class='ocrx_word' id='word_1_29' title='bbox 2196 889 2311 952; x_wconf 72' lang='lat' dir='ltr'><strong>est,</strong></span> <span class='ocrx_word' id='word_1_30' title='bbox 2341 902 2372 935; x_wconf 72' lang='lat' dir='ltr'><strong>n</strong></span> <span class='ocrx_word' id='word_1_31' title='bbox 2392 878 2434 937; x_wconf 91' lang='lat' dir='ltr'><strong>i.</strong></span> <span class='ocrx_word' id='word_1_32' title='bbox 2469 897 2526 937; x_wconf 89' lang='lat' dir='ltr'><strong>e.</strong></span> <span class='ocrx_word' id='word_1_33' title='bbox 2563 875 2742 937; x_wconf 78' lang='lat' dir='ltr'><strong>nude</strong></span> 
     </span>
     <span class='ocr_line' id='line_1_5' title="bbox 762 979 2742 1059; baseline -0.003 -16"><span class='ocrx_word' id='word_1_34' title='bbox 762 1010 797 1043; x_wconf 67' lang='grc' dir='ltr'><strong><em>ι</em></strong></span> <span class='ocrx_word' id='word_1_35' title='bbox 816 1004 1040 1044; x_wconf 89' lang='lat' dir='ltr'><strong>nomen</strong></span> <span class='ocrx_word' id='word_1_36' title='bbox 1074 983 1326 1043; x_wconf 87' lang='lat' dir='ltr'><strong>ductum</strong></span> <span class='ocrx_word' id='word_1_37' title='bbox 1366 991 1454 1043; x_wconf 85' lang='lat' dir='ltr'><strong>est</strong></span> <span class='ocrx_word' id='word_1_38' title='bbox 1486 983 1681 1043; x_wconf 81' lang='lat' dir='ltr'><strong>omnis</strong></span> <span class='ocrx_word' id='word_1_39' title='bbox 1707 982 1922 1057; x_wconf 85' lang='lat' dir='ltr'><strong>huius,</strong></span> <span class='ocrx_word' id='word_1_40' title='bbox 1961 980 2029 1040; x_wconf 90' lang='lat' dir='ltr'><strong>in</strong></span> <span class='ocrx_word' id='word_1_41' title='bbox 2053 1000 2176 1059; x_wconf 86' lang='lat' dir='ltr'><strong>qua</strong></span> <span class='ocrx_word' id='word_1_42' title='bbox 2199 980 2492 1054; x_wconf 81' lang='lat' dir='ltr'><strong>vivimus,</strong></span> <span class='ocrx_word' id='word_1_43' title='bbox 2532 979 2742 1038; x_wconf 73' lang='lat' dir='ltr'><strong>civilis</strong></span> 
     </span>
     <span class='ocr_line' id='line_1_6' title="bbox 763 1083 2744 1163; baseline -0.002 -17"><span class='ocrx_word' id='word_1_44' title='bbox 763 1087 1111 1148; x_wconf 71' lang='lat' dir='ltr'><strong>»societatis</strong></span> <span class='ocrx_word' id='word_1_45' title='bbox 1123 1133 1145 1163; x_wconf 88' lang='lat'><em>‚</em></span> <span class='ocrx_word' id='word_1_46' title='bbox 1188 1086 1355 1146; x_wconf 89' lang='lat' dir='ltr'><strong>unde</strong></span> <span class='ocrx_word' id='word_1_47' title='bbox 1396 1105 1605 1147; x_wconf 88' lang='lat' dir='ltr'><strong>omnes</strong></span> <span class='ocrx_word' id='word_1_48' title='bbox 1643 1083 1954 1146; x_wconf 88' lang='lat' dir='ltr'><strong>communi</strong></span> <span class='ocrx_word' id='word_1_49' title='bbox 1990 1085 2237 1144; x_wconf 87' lang='lat' dir='ltr'><strong>nomine</strong></span> <span class='ocrx_word' id='word_1_50' title='bbox 2270 1085 2437 1143; x_wconf 82' lang='lat' dir='ltr'><strong>cives</strong></span> <span class='ocrx_word' id='word_1_51' title='bbox 2468 1083 2744 1142; x_wconf 60' lang='lat' dir='ltr'><strong>Romani</strong></span> 
     </span>
     <span class='ocr_line' id='line_1_7' title="bbox 760 1186 2739 1268; baseline -0.003 -19"><span class='ocrx_word' id='word_1_52' title='bbox 760 1214 794 1248; x_wconf 67' lang='grc' dir='ltr'><strong><em>κ</em></strong></span> <span class='ocrx_word' id='word_1_53' title='bbox 814 1191 1251 1268; x_wconf 84' lang='lat' dir='ltr'><strong>appellamur.’&#39;</strong></span> <span class='ocrx_word' id='word_1_54' title='bbox 1349 1189 1480 1249; x_wconf 87' lang='lat' dir='ltr'><strong>Non</strong></span> <span class='ocrx_word' id='word_1_55' title='bbox 1531 1196 1683 1267; x_wconf 89' lang='lat' dir='ltr'><strong>puto</strong></span> <span class='ocrx_word' id='word_1_56' title='bbox 1737 1207 1772 1247; x_wconf 90' lang='lat' dir='ltr'><strong>a</strong></span> <span class='ocrx_word' id='word_1_57' title='bbox 1824 1187 2110 1249; x_wconf 73' lang='lat' dir='ltr'>Cicerone</span> <span class='ocrx_word' id='word_1_58' title='bbox 2159 1187 2322 1247; x_wconf 87' lang='lat' dir='ltr'><strong>hanc</strong></span> <span class='ocrx_word' id='word_1_59' title='bbox 2369 1186 2739 1247; x_wconf 77' lang='lat' dir='ltr'><strong>sententiam</strong></span> 
     </span>
     <span class='ocr_line' id='line_1_8' title="bbox 758 1288 2737 1372; baseline -0.002 -21"><span class='ocrx_word' id='word_1_60' title='bbox 758 1292 877 1353; x_wconf 86' lang='lat' dir='ltr'><strong>isto</strong></span> <span class='ocrx_word' id='word_1_61' title='bbox 926 1291 1106 1352; x_wconf 90' lang='lat' dir='ltr'><strong>modo</strong></span> <span class='ocrx_word' id='word_1_62' title='bbox 1155 1293 1471 1353; x_wconf 79' lang='lat' dir='ltr'>enunciari</span> <span class='ocrx_word' id='word_1_63' title='bbox 1517 1292 1797 1372; x_wconf 78' lang='lat' dir='ltr'><strong>potuisse.</strong></span> <span class='ocrx_word' id='word_1_64' title='bbox 1890 1290 2188 1370; x_wconf 86' lang='lat' dir='ltr'><strong>Intelligit</strong></span> <span class='ocrx_word' id='word_1_65' title='bbox 2221 1310 2366 1350; x_wconf 82' lang='lat' dir='ltr'><strong>sane</strong></span> <span class='ocrx_word' id='word_1_66' title='bbox 2399 1288 2737 1367; x_wconf 73' lang='lat' dir='ltr'><strong>Hadvigiua</strong></span> 
     </span>
     <span class='ocr_line' id='line_1_9' title="bbox 758 1392 2733 1475; baseline -0.003 -19"><span class='ocrx_word' id='word_1_67' title='bbox 758 1395 1040 1457; x_wconf 78' lang='lat' dir='ltr'><strong>Romam:</strong></span> <span class='ocrx_word' id='word_1_68' title='bbox 1099 1394 1206 1457; x_wconf 88' lang='lat' dir='ltr'><strong>sed</strong></span> <span class='ocrx_word' id='word_1_69' title='bbox 1259 1415 1295 1456; x_wconf 89' lang='lat' dir='ltr'><strong>a</strong></span> <span class='ocrx_word' id='word_1_70' title='bbox 1342 1395 1531 1456; x_wconf 84' lang='lat' dir='ltr'><strong>Roma</strong></span> <span class='ocrx_word' id='word_1_71' title='bbox 1582 1395 1966 1475; x_wconf 75' lang='lat' dir='ltr'><strong>appellantur</strong></span> <span class='ocrx_word' id='word_1_72' title='bbox 2017 1392 2267 1474; x_wconf 84' lang='lat' dir='ltr'><strong>quidem</strong></span> <span class='ocrx_word' id='word_1_73' title='bbox 2316 1393 2571 1453; x_wconf 84' lang='lat' dir='ltr'><strong>Romani</strong></span> <span class='ocrx_word' id='word_1_74' title='bbox 2587 1438 2604 1468; x_wconf 89' lang='lat'><em>‚</em></span> <span class='ocrx_word' id='word_1_75' title='bbox 2657 1399 2733 1451; x_wconf 79' lang='lat' dir='ltr'><strong>et</strong></span> 
     </span>
     <span class='ocr_line' id='line_1_10' title="bbox 761 1495 2736 1580; baseline -0.002 -21"><span class='ocrx_word' id='word_1_76' title='bbox 761 1500 881 1559; x_wconf 82' lang='lat' dir='ltr'><strong>hoc</strong></span> <span class='ocrx_word' id='word_1_77' title='bbox 934 1507 1083 1559; x_wconf 77' lang='lat' dir='ltr'><strong>esset</strong></span> <span class='ocrx_word' id='word_1_78' title='bbox 1134 1522 1167 1559; x_wconf 80' lang='lat' dir='ltr'><strong>e</strong></span> <span class='ocrx_word' id='word_1_79' title='bbox 1216 1520 1335 1579; x_wconf 67' lang='lat' dir='ltr'><strong>qua</strong></span> <span class='ocrx_word' id='word_1_80' title='bbox 1375 1499 1597 1580; x_wconf 77' lang='lat' dir='ltr'><strong>populo</strong></span> <span class='ocrx_word' id='word_1_81' title='bbox 1648 1499 1761 1558; x_wconf 79' lang='lat' dir='ltr'><strong>Ro.</strong></span> <span class='ocrx_word' id='word_1_82' title='bbox 1809 1518 2019 1556; x_wconf 69' lang='lat' dir='ltr'><strong>noum</strong></span> <span class='ocrx_word' id='word_1_83' title='bbox 2072 1508 2190 1556; x_wconf 69' lang='lat' dir='ltr'><strong>est:</strong></span> <span class='ocrx_word' id='word_1_84' title='bbox 2229 1495 2384 1575; x_wconf 87' lang='lat' dir='ltr'><strong>quid</strong></span> <span class='ocrx_word' id='word_1_85' title='bbox 2418 1503 2736 1555; x_wconf 70' lang='lat' dir='ltr'><strong>antemon</strong></span> 
     </span>
     <span class='ocr_line' id='line_1_11' title="bbox 756 1598 2737 1682; baseline -0.002 -22"><span class='ocrx_word' id='word_1_86' title='bbox 756 1602 1026 1682; x_wconf 86' lang='lat' dir='ltr'><strong>pertinet</strong></span> <span class='ocrx_word' id='word_1_87' title='bbox 1068 1605 1377 1662; x_wconf 67' lang='lat' dir='ltr'><strong>universae</strong></span> <span class='ocrx_word' id='word_1_88' title='bbox 1432 1600 1747 1662; x_wconf 69' lang='lat' dir='ltr'><strong>civitatis?</strong></span> <span class='ocrx_word' id='word_1_89' title='bbox 1804 1600 2006 1676; x_wconf 74' lang='lat' dir='ltr'><strong>Mitto,</strong></span> <span class='ocrx_word' id='word_1_90' title='bbox 2064 1598 2349 1678; x_wconf 75' lang='lat' dir='ltr'>frigidam</span> <span class='ocrx_word' id='word_1_91' title='bbox 2397 1619 2523 1658; x_wconf 74' lang='lat' dir='ltr'><strong>esse</strong></span> <span class='ocrx_word' id='word_1_92' title='bbox 2567 1598 2737 1658; x_wconf 79' lang='lat' dir='ltr'><strong>hane</strong></span> 
     </span>
     <span class='ocr_line' id='line_1_12' title="bbox 758 1702 2739 1782; baseline -0.002 -18"><span class='ocrx_word' id='word_1_93' title='bbox 758 1707 1031 1765; x_wconf 70' lang='lat' dir='ltr'><strong>caritatis</strong></span> <span class='ocrx_word' id='word_1_94' title='bbox 1092 1705 1681 1766; x_wconf 88' lang='lat' dir='ltr'><strong>commendationem</strong></span> <span class='ocrx_word' id='word_1_95' title='bbox 1700 1749 1719 1779; x_wconf 88' lang='lat'>,</span> <span class='ocrx_word' id='word_1_96' title='bbox 1788 1723 1947 1782; x_wconf 87' lang='lat' dir='ltr'><strong>quae</strong></span> <span class='ocrx_word' id='word_1_97' title='bbox 2012 1711 2259 1782; x_wconf 86' lang='lat' dir='ltr'><strong>petatur</strong></span> <span class='ocrx_word' id='word_1_98' title='bbox 2323 1722 2401 1763; x_wconf 81' lang='lat' dir='ltr'><strong>ex</strong></span> <span class='ocrx_word' id='word_1_99' title='bbox 2466 1702 2739 1762; x_wconf 84' lang='lat' dir='ltr'><strong>nominis</strong></span> 
     </span>
     <span class='ocr_line' id='line_1_13' title="bbox 758 1806 2732 1885; baseline -0.002 -18"><span class='ocrx_word' id='word_1_100' title='bbox 758 1809 1220 1869; x_wconf 84' lang='lat' dir='ltr'><strong>communitate:</strong></span> <span class='ocrx_word' id='word_1_101' title='bbox 1278 1817 1487 1869; x_wconf 86' lang='lat' dir='ltr'><strong>contra</strong></span> <span class='ocrx_word' id='word_1_102' title='bbox 1538 1807 1618 1867; x_wconf 90' lang='lat' dir='ltr'><strong>ad</strong></span> <span class='ocrx_word' id='word_1_103' title='bbox 1671 1807 1982 1866; x_wconf 84' lang='lat' dir='ltr'><strong>caritatem</strong></span> <span class='ocrx_word' id='word_1_104' title='bbox 2027 1806 2292 1885; x_wconf 78' lang='lat' dir='ltr'><strong>pertinet</strong></span> <span class='ocrx_word' id='word_1_105' title='bbox 2325 1825 2420 1865; x_wconf 78' lang='lat' dir='ltr'><strong><em>m</em></strong></span> <span class='ocrx_word' id='word_1_106' title='bbox 2444 1806 2732 1885; x_wconf 72' lang='lat' dir='ltr'><strong>publiea,</strong></span> 
     </span>
     <span class='ocr_line' id='line_1_14' title="bbox 757 1910 2738 1990; baseline -0.002 -19"><span class='ocrx_word' id='word_1_107' title='bbox 757 1910 917 1971; x_wconf 79' lang='lat' dir='ltr'><strong>sicut</strong></span> <span class='ocrx_word' id='word_1_108' title='bbox 952 1911 1116 1972; x_wconf 80' lang='lat' dir='ltr'><strong>Offio.</strong></span> <span class='ocrx_word' id='word_1_109' title='bbox 1153 1911 1182 1970; x_wconf 93' lang='lat'>1</span> <span class='ocrx_word' id='word_1_110' title='bbox 1201 1959 1219 1988; x_wconf 88' lang='lat'><em>,</em></span> <span class='ocrx_word' id='word_1_111' title='bbox 1267 1912 1370 1988; x_wconf 88' lang='lat'><strong>17,</strong></span> <span class='ocrx_word' id='word_1_112' title='bbox 1414 1912 1494 1972; x_wconf 84' lang='lat'><strong>57</strong></span> <span class='ocrx_word' id='word_1_113' title='bbox 1507 1937 1524 1990; x_wconf 86' lang='lat'>3</span> <span class='ocrx_word' id='word_1_114' title='bbox 1579 1911 1865 1989; x_wconf 80' lang='lat' dir='ltr'><strong>idemque</strong></span> <span class='ocrx_word' id='word_1_115' title='bbox 1900 1911 1949 1968; x_wconf 88' lang='lat' dir='ltr'><strong>si</strong></span> <span class='ocrx_word' id='word_1_116' title='bbox 1984 1918 2287 1986; x_wconf 82' lang='lat' dir='ltr'><strong>tenemus,</strong></span> <span class='ocrx_word' id='word_1_117' title='bbox 2325 1928 2532 1988; x_wconf 87' lang='lat' dir='ltr'><strong>neque</strong></span> <span class='ocrx_word' id='word_1_118' title='bbox 2567 1910 2738 1969; x_wconf 70' lang='lat' dir='ltr'><strong>civi-</strong></span> 
     </span>
     <span class='ocr_line' id='line_1_15' title="bbox 754 2012 2736 2092; baseline -0.001 -20"><span class='ocrx_word' id='word_1_119' title='bbox 754 2015 900 2072; x_wconf 70' lang='lat' dir='ltr'><strong>tatis</strong></span> <span class='ocrx_word' id='word_1_120' title='bbox 945 2014 1267 2092; x_wconf 76' lang='lat' dir='ltr'><strong>appellatio</strong></span> <span class='ocrx_word' id='word_1_121' title='bbox 1319 2012 1657 2092; x_wconf 79' lang='lat' dir='ltr'><strong>quidquam</strong></span> <span class='ocrx_word' id='word_1_122' title='bbox 1694 2013 1819 2072; x_wconf 88' lang='lat' dir='ltr'><strong>huc</strong></span> <span class='ocrx_word' id='word_1_123' title='bbox 1858 2013 2129 2091; x_wconf 80' lang='lat' dir='ltr'><strong>pertinet</strong></span> <span class='ocrx_word' id='word_1_124' title='bbox 2145 2036 2163 2090; x_wconf 88' lang='lat'>;</span> <span class='ocrx_word' id='word_1_125' title='bbox 2208 2031 2409 2090; x_wconf 81' lang='lat' dir='ltr'><strong>neque</strong></span> <span class='ocrx_word' id='word_1_126' title='bbox 2442 2013 2736 2071; x_wconf 66' lang='lat' dir='ltr'><strong>eninm·</strong></span> 
     </span>
     <span class='ocr_line' id='line_1_16' title="bbox 757 2114 2736 2194; baseline -0.001 -19"><span class='ocrx_word' id='word_1_127' title='bbox 757 2118 979 2175; x_wconf 70' lang='lat' dir='ltr'><strong>civicas</strong></span> <span class='ocrx_word' id='word_1_128' title='bbox 1025 2116 1179 2194; x_wconf 88' lang='lat' dir='ltr'><strong>quid</strong></span> <span class='ocrx_word' id='word_1_129' title='bbox 1230 2116 1306 2175; x_wconf 85' lang='lat' dir='ltr'><strong>sit</strong></span> <span class='ocrx_word' id='word_1_130' title='bbox 1356 2115 1622 2194; x_wconf 77' lang='lat' dir='ltr'><strong>intelligi</strong></span> <span class='ocrx_word' id='word_1_131' title='bbox 1672 2114 1801 2174; x_wconf 79' lang='lat' dir='ltr'><strong>ullo</strong></span> <span class='ocrx_word' id='word_1_132' title='bbox 1840 2114 2021 2174; x_wconf 88' lang='lat' dir='ltr'><strong>modo</strong></span> <span class='ocrx_word' id='word_1_133' title='bbox 2070 2123 2298 2193; x_wconf 79' lang='lat' dir='ltr'><strong>potest,</strong></span> <span class='ocrx_word' id='word_1_134' title='bbox 2357 2123 2736 2194; x_wconf 75' lang='lat' dir='ltr'><strong>quapropter</strong></span> 
     </span>
     <span class='ocr_line' id='line_1_17' title="bbox 759 2216 2734 2296; baseline 0 -20"><span class='ocrx_word' id='word_1_135' title='bbox 759 2216 1012 2276; x_wconf 80' lang='lat' dir='ltr'><strong>fuerunt</strong></span> <span class='ocrx_word' id='word_1_136' title='bbox 1067 2217 1179 2296; x_wconf 86' lang='lat' dir='ltr'><strong>qni</strong></span> <span class='ocrx_word' id='word_1_137' title='bbox 1228 2218 1524 2276; x_wconf 69' lang='lat' dir='ltr'><strong>universis</strong></span> <span class='ocrx_word' id='word_1_138' title='bbox 1571 2216 1963 2293; x_wconf 73' lang='lat' dir='ltr'><strong>corrigerent.</strong></span> <span class='ocrx_word' id='word_1_139' title='bbox 2062 2216 2272 2296; x_wconf 80' lang='lat' dir='ltr'><strong>Neque</strong></span> <span class='ocrx_word' id='word_1_140' title='bbox 2322 2217 2475 2276; x_wconf 85' lang='lat' dir='ltr'><strong>haec</strong></span> <span class='ocrx_word' id='word_1_141' title='bbox 2519 2217 2734 2277; x_wconf 73' lang='lat' dir='ltr'><strong>omnia</strong></span> 
     </span>
     <span class='ocr_line' id='line_1_18' title="bbox 757 2317 2728 2400; baseline -0.001 -19"><span class='ocrx_word' id='word_1_142' title='bbox 757 2320 1068 2400; x_wconf 82' lang='lat' dir='ltr'><strong>expedivit</strong></span> <span class='ocrx_word' id='word_1_143' title='bbox 1114 2320 1175 2381; x_wconf 89' lang='lat' dir='ltr'><strong>T.</strong></span> <span class='ocrx_word' id='word_1_144' title='bbox 1215 2319 1420 2380; x_wconf 86' lang='lat' dir='ltr'><strong>Baden</strong></span> <span class='ocrx_word' id='word_1_145' title='bbox 1468 2317 1666 2400; x_wconf 80' lang='lat' dir='ltr'><strong>(Neue</strong></span> <span class='ocrx_word' id='word_1_146' title='bbox 1716 2319 1920 2380; x_wconf 88' lang='lat' dir='ltr'><strong>Iahrb.</strong></span> <span class='ocrx_word' id='word_1_147' title='bbox 1972 2318 2077 2378; x_wconf 76' lang='lat' dir='ltr'><strong>fiir</strong></span> <span class='ocrx_word' id='word_1_148' title='bbox 2110 2319 2265 2379; x_wconf 88' lang='lat' dir='ltr'><strong>Phil.</strong></span> <span class='ocrx_word' id='word_1_149' title='bbox 2301 2320 2434 2379; x_wconf 89' lang='lat' dir='ltr'><strong>und</strong></span> <span class='ocrx_word' id='word_1_150' title='bbox 2464 2318 2728 2399; x_wconf 81' lang='lat' dir='ltr'><strong>Paedag.</strong></span> 
     </span>
     <span class='ocr_line' id='line_1_19' title="bbox 760 2419 2731 2504; baseline -0.001 -20"><span class='ocrx_word' id='word_1_151' title='bbox 760 2422 936 2485; x_wconf 84' lang='lat'><strong>1831.</strong></span> <span class='ocrx_word' id='word_1_152' title='bbox 968 2424 1050 2484; x_wconf 90' lang='lat'><strong>11.</strong></span> <span class='ocrx_word' id='word_1_153' title='bbox 1079 2423 1137 2484; x_wconf 85' lang='lat'><strong>2.</strong></span> <span class='ocrx_word' id='word_1_154' title='bbox 1166 2443 1227 2502; x_wconf 89' lang='lat' dir='ltr'><strong>p.</strong></span> <span class='ocrx_word' id='word_1_155' title='bbox 1263 2419 1425 2504; x_wconf 88' lang='lat'><strong>176.)</strong></span> <span class='ocrx_word' id='word_1_156' title='bbox 1482 2422 1723 2483; x_wconf 89' lang='lat' dir='ltr'><strong>Conieci</strong></span> <span class='ocrx_word' id='word_1_157' title='bbox 1755 2424 1841 2482; x_wconf 83' lang='lat' dir='ltr'><strong>sic</strong></span> <span class='ocrx_word' id='word_1_158' title='bbox 1870 2421 2154 2484; x_wconf 83' lang='lat' dir='ltr'><strong>relietum</strong></span> <span class='ocrx_word' id='word_1_159' title='bbox 2183 2443 2306 2484; x_wconf 69' lang='lat' dir='ltr'><strong>eoee</strong></span> <span class='ocrx_word' id='word_1_160' title='bbox 2337 2443 2372 2484; x_wconf 86' lang='lat' dir='ltr'><strong>a</strong></span> <span class='ocrx_word' id='word_1_161' title='bbox 2401 2423 2731 2499; x_wconf 85' lang='lat' dir='ltr'><strong>Cicerone,</strong></span> 
     </span>
     <span class='ocr_line' id='line_1_20' title="bbox 757 2529 2731 2608; baseline 0 -21"><span class='ocrx_word' id='word_1_162' title='bbox 757 2531 828 2589; x_wconf 67' lang='lat' dir='ltr'><strong>in</strong></span> <span class='ocrx_word' id='word_1_163' title='bbox 876 2550 993 2608; x_wconf 78' lang='lat' dir='ltr'><strong>qua</strong></span> <span class='ocrx_word' id='word_1_164' title='bbox 1025 2530 1116 2587; x_wconf 80' lang='lat' dir='ltr'><strong>rei</strong></span> <span class='ocrx_word' id='word_1_165' title='bbox 1146 2529 1422 2607; x_wconf 76' lang='lat' dir='ltr'><strong>publicae</strong></span> <span class='ocrx_word' id='word_1_166' title='bbox 1461 2529 1699 2586; x_wconf 74' lang='lat' dir='ltr'><strong>nomine</strong></span> <span class='ocrx_word' id='word_1_167' title='bbox 1740 2529 1897 2586; x_wconf 76' lang='lat' dir='ltr'><strong>iuria</strong></span> <span class='ocrx_word' id='word_1_168' title='bbox 1931 2529 2321 2587; x_wconf 69' lang='lat' dir='ltr'><strong>communitus</strong></span> <span class='ocrx_word' id='word_1_169' title='bbox 2354 2538 2441 2587; x_wconf 73' lang='lat' dir='ltr'><strong>eet</strong></span> <span class='ocrx_word' id='word_1_170' title='bbox 2456 2552 2477 2585; x_wconf 93' lang='lat'><strong>.·</strong></span> <span class='ocrx_word' id='word_1_171' title='bbox 2517 2546 2731 2606; x_wconf 82' lang='lat' dir='ltr'><strong>neque</strong></span> 
     </span>
     <span class='ocr_line' id='line_1_21' title="bbox 756 2628 2729 2709; baseline -0.002 -16"><span class='ocrx_word' id='word_1_172' title='bbox 756 2633 922 2693; x_wconf 87' lang='lat' dir='ltr'><strong>enim</strong></span> <span class='ocrx_word' id='word_1_173' title='bbox 986 2629 1233 2690; x_wconf 89' lang='lat' dir='ltr'><strong>difficile</strong></span> <span class='ocrx_word' id='word_1_174' title='bbox 1286 2638 1373 2690; x_wconf 75' lang='lat' dir='ltr'><strong>est</strong></span> <span class='ocrx_word' id='word_1_175' title='bbox 1423 2629 1728 2706; x_wconf 72' lang='lat' dir='ltr'><strong>divinare,</strong></span> <span class='ocrx_word' id='word_1_176' title='bbox 1786 2628 2091 2709; x_wconf 88' lang='lat' dir='ltr'><strong>quomodo</strong></span> <span class='ocrx_word' id='word_1_177' title='bbox 2143 2649 2218 2689; x_wconf 86' lang='lat' dir='ltr'><strong>ex</strong></span> <span class='ocrx_word' id='word_1_178' title='bbox 2267 2632 2504 2689; x_wconf 69' lang='lat' dir='ltr'><strong>nomine</strong></span> <span class='ocrx_word' id='word_1_179' title='bbox 2563 2631 2729 2690; x_wconf 65' lang='grc' dir='ltr'><strong>ἐκώ</strong></span> 
     </span>
     <span class='ocr_line' id='line_1_22' title="bbox 752 2730 2728 2812; baseline -0.001 -18"><span class='ocrx_word' id='word_1_180' title='bbox 752 2741 957 2794; x_wconf 81' lang='lat' dir='ltr'><strong>ortum</strong></span> <span class='ocrx_word' id='word_1_181' title='bbox 982 2733 1058 2792; x_wconf 87' lang='lat' dir='ltr'><strong>sit</strong></span> <span class='ocrx_word' id='word_1_182' title='bbox 1084 2735 1319 2792; x_wconf 75' lang='lat' dir='ltr'><strong>nomine</strong></span> <span class='ocrx_word' id='word_1_183' title='bbox 1349 2735 1627 2792; x_wconf 71' lang='lat' dir='ltr'><strong>universa</strong></span> <span class='ocrx_word' id='word_1_184' title='bbox 1639 2778 1657 2808; x_wconf 92' lang='lat'><em>,</em></span> <span class='ocrx_word' id='word_1_185' title='bbox 1698 2730 1997 2811; x_wconf 73' lang='lat' dir='ltr'><strong>siquidem</strong></span> <span class='ocrx_word' id='word_1_186' title='bbox 2026 2751 2177 2811; x_wconf 86' lang='lat' dir='ltr'><strong>apex</strong></span> <span class='ocrx_word' id='word_1_187' title='bbox 2212 2732 2425 2793; x_wconf 86' lang='lat' dir='ltr'><strong>literae</strong></span> <span class='ocrx_word' id='word_1_188' title='bbox 2457 2734 2504 2795; x_wconf 69' lang='lat' dir='ltr'><strong>ia·</strong></span> <span class='ocrx_word' id='word_1_189' title='bbox 2535 2734 2728 2812; x_wconf 89' lang='lat' dir='ltr'><strong>impo-</strong></span> 
     </span>
     <span class='ocr_line' id='line_1_23' title="bbox 756 2835 2728 2916; baseline 0.001 -20"><span class='ocrx_word' id='word_1_190' title='bbox 756 2835 907 2897; x_wconf 84' lang='lat' dir='ltr'><strong>situs</strong></span> <span class='ocrx_word' id='word_1_191' title='bbox 940 2857 1048 2915; x_wconf 89' lang='lat' dir='ltr'><strong>per</strong></span> <span class='ocrx_word' id='word_1_192' title='bbox 1080 2855 1348 2896; x_wconf 87' lang='lat' dir='ltr'><strong>errorem</strong></span> <span class='ocrx_word' id='word_1_193' title='bbox 1384 2836 1674 2916; x_wconf 77' lang='lat' dir='ltr'><strong>syllabam</strong></span> <span class='ocrx_word' id='word_1_194' title='bbox 1703 2838 1805 2895; x_wconf 68' lang='lat' dir='ltr'><strong>iis—r</strong></span> <span class='ocrx_word' id='word_1_195' title='bbox 1831 2836 2082 2914; x_wconf 78' lang='lat' dir='ltr'><strong>gignere</strong></span> <span class='ocrx_word' id='word_1_196' title='bbox 2112 2836 2288 2911; x_wconf 85' lang='lat' dir='ltr'><strong>solet,</strong></span> <span class='ocrx_word' id='word_1_197' title='bbox 2317 2844 2379 2895; x_wconf 86' lang='lat' dir='ltr'><strong>et</strong></span> <span class='ocrx_word' id='word_1_198' title='bbox 2405 2837 2728 2916; x_wconf 76' lang='lat' dir='ltr'><strong>paullatim</strong></span> 
     </span>
     <span class='ocr_line' id='line_1_24' title="bbox 755 2938 2730 3019; baseline 0 -19"><span class='ocrx_word' id='word_1_199' title='bbox 755 2941 1014 3001; x_wconf 82' lang='lat' dir='ltr'><strong>ulterius</strong></span> <span class='ocrx_word' id='word_1_200' title='bbox 1071 2959 1376 3019; x_wconf 85' lang='lat' dir='ltr'><strong>progressa</strong></span> <span class='ocrx_word' id='word_1_201' title='bbox 1432 2938 1678 2999; x_wconf 79' lang='lat' dir='ltr'><strong>videtur</strong></span> <span class='ocrx_word' id='word_1_202' title='bbox 1740 2940 2049 3017; x_wconf 80' lang='lat' dir='ltr'><strong>corruptio</strong></span> <span class='ocrx_word' id='word_1_203' title='bbox 2067 2986 2084 3016; x_wconf 90' lang='lat'><em>,</em></span> <span class='ocrx_word' id='word_1_204' title='bbox 2143 2940 2300 2999; x_wconf 86' lang='lat' dir='ltr'><strong>sicut</strong></span> <span class='ocrx_word' id='word_1_205' title='bbox 2350 2949 2595 3019; x_wconf 89' lang='lat' dir='ltr'><strong>apparet</strong></span> <span class='ocrx_word' id='word_1_206' title='bbox 2651 2961 2730 3000; x_wconf 85' lang='lat' dir='ltr'><strong>ex</strong></span> 
     </span>
     <span class='ocr_line' id='line_1_25' title="bbox 756 3042 2729 3122; baseline 0.001 -21"><span class='ocrx_word' id='word_1_207' title='bbox 756 3043 947 3103; x_wconf 76' lang='lat' dir='ltr'><strong>trium</strong></span> <span class='ocrx_word' id='word_1_208' title='bbox 983 3042 1279 3103; x_wconf 90' lang='lat' dir='ltr'><strong>librorum</strong></span> <span class='ocrx_word' id='word_1_209' title='bbox 1307 3042 1599 3118; x_wconf 87' lang='lat' dir='ltr'><strong>lectione,</strong></span> <span class='ocrx_word' id='word_1_210' title='bbox 1640 3062 1849 3101; x_wconf 71' lang='lat' dir='ltr'><strong>nomen</strong></span> <span class='ocrx_word' id='word_1_211' title='bbox 1883 3044 2174 3103; x_wconf 69' lang='lat' dir='ltr'><strong>vniversa.</strong></span> <span class='ocrx_word' id='word_1_212' title='bbox 2253 3043 2481 3122; x_wconf 80' lang='lat' dir='ltr'><strong>Aptum</strong></span> <span class='ocrx_word' id='word_1_213' title='bbox 2516 3050 2729 3103; x_wconf 81' lang='lat' dir='ltr'><strong>autem</strong></span> 
     </span>
     <span class='ocr_line' id='line_1_26' title="bbox 757 3144 2727 3227; baseline -0.001 -20"><span class='ocrx_word' id='word_1_214' title='bbox 757 3165 883 3207; x_wconf 87' lang='lat' dir='ltr'><strong>esse</strong></span> <span class='ocrx_word' id='word_1_215' title='bbox 925 3148 1116 3220; x_wconf 69' lang='lat' dir='ltr'><strong>iuris,</strong></span> <span class='ocrx_word' id='word_1_216' title='bbox 1158 3144 1411 3206; x_wconf 85' lang='lat' dir='ltr'><strong>conficio</strong></span> <span class='ocrx_word' id='word_1_217' title='bbox 1452 3165 1488 3205; x_wconf 90' lang='lat' dir='ltr'><strong>e</strong></span> <span class='ocrx_word' id='word_1_218' title='bbox 1523 3144 1930 3223; x_wconf 82' lang='lat' dir='ltr'><strong>superioribus</strong></span> <span class='ocrx_word' id='word_1_219' title='bbox 1973 3144 2241 3226; x_wconf 74' lang='lat' dir='ltr'><strong>(alteram</strong></span> <span class='ocrx_word' id='word_1_220' title='bbox 2279 3146 2398 3207; x_wconf 78' lang='lat' dir='ltr'><strong>loci</strong></span> <span class='ocrx_word' id='word_1_221' title='bbox 2415 3149 2684 3227; x_wconf 72' lang='lat' dir='ltr'><strong>patr-iam</strong></span> <span class='ocrx_word' id='word_1_222' title='bbox 2701 3193 2727 3223; x_wconf 85' lang='lat'><em>‚</em></span> 
     </span>
     <span class='ocr_line' id='line_1_27' title="bbox 758 3246 1243 3327; baseline -0.006 -17"><span class='ocrx_word' id='word_1_223' title='bbox 758 3249 1001 3309; x_wconf 74' lang='lat' dir='ltr'><strong>alteram</strong></span> <span class='ocrx_word' id='word_1_224' title='bbox 1040 3246 1243 3327; x_wconf 74' lang='lat' dir='ltr'><strong>iuris.)</strong></span> 
     </span>
    </p>

    <p class='ocr_par' dir='ltr' id='par_1_3' title="bbox 756 3345 2730 3532">
     <span class='ocr_line' id='line_1_28' title="bbox 838 3345 2730 3430; baseline 0.001 -20"><span class='ocrx_word' id='word_1_225' title='bbox 838 3362 895 3410; x_wconf 73' lang='lat' dir='ltr'><strong>ee</strong></span> <span class='ocrx_word' id='word_1_226' title='bbox 936 3353 1040 3411; x_wconf 78' lang='lat' dir='ltr'><strong>cui</strong></span> <span class='ocrx_word' id='word_1_227' title='bbox 1083 3371 1189 3409; x_wconf 75' lang='lat' dir='ltr'><strong>nos</strong></span> <span class='ocrx_word' id='word_1_228' title='bbox 1220 3360 1368 3409; x_wconf 69' lang='lat' dir='ltr'><strong>totos</strong></span> <span class='ocrx_word' id='word_1_229' title='bbox 1399 3345 1627 3430; x_wconf 71' lang='lat' dir='ltr'><strong>dedere)</strong></span> <span class='ocrx_word' id='word_1_230' title='bbox 1703 3348 1838 3409; x_wconf 84' lang='lat' dir='ltr'><strong>Non</strong></span> <span class='ocrx_word' id='word_1_231' title='bbox 1879 3348 2260 3428; x_wconf 80' lang='lat' dir='ltr'><strong>probandum</strong></span> <span class='ocrx_word' id='word_1_232' title='bbox 2294 3349 2623 3429; x_wconf 75' lang='lat' dir='ltr'><strong>asyndeton</strong></span> <span class='ocrx_word' id='word_1_233' title='bbox 2656 3352 2730 3411; x_wconf 84' lang='lat' dir='ltr'><strong>in</strong></span> 
     </span>
     <span class='ocr_line' id='line_1_29' title="bbox 756 3451 1128 3532; baseline -0.003 -19"><span class='ocrx_word' id='word_1_234' title='bbox 756 3453 999 3532; x_wconf 82' lang='lat' dir='ltr'><strong>Lagom.</strong></span> <span class='ocrx_word' id='word_1_235' title='bbox 1033 3451 1128 3512; x_wconf 90' lang='grc'><strong>10.</strong></span> 
     </span>
    </p>

    <p class='ocr_par' dir='ltr' id='par_1_4' title="bbox 748 3554 2728 4256">
     <span class='ocr_line' id='line_1_30' title="bbox 834 3554 2727 3637; baseline 0.003 -24"><span class='ocrx_word' id='word_1_236' title='bbox 834 3558 1037 3635; x_wconf 76' lang='lat' dir='ltr'><strong>itaque</strong></span> <span class='ocrx_word' id='word_1_237' title='bbox 1081 3574 1189 3637; x_wconf 76' lang='lat' dir='ltr'><strong>ego</strong></span> <span class='ocrx_word' id='word_1_238' title='bbox 1235 3555 1389 3616; x_wconf 73' lang='lat' dir='ltr'><strong>hanc</strong></span> <span class='ocrx_word' id='word_1_239' title='bbox 1417 3586 1500 3601; x_wconf 88' lang='lat'><strong>—</strong></span> <span class='ocrx_word' id='word_1_240' title='bbox 1542 3555 1794 3637; x_wconf 75' lang='lat' dir='ltr'><strong>negabo)</strong></span> <span class='ocrx_word' id='word_1_241' title='bbox 1874 3555 2030 3615; x_wconf 83' lang='lat' dir='ltr'><strong>Haec</strong></span> <span class='ocrx_word' id='word_1_242' title='bbox 2064 3554 2249 3616; x_wconf 81' lang='lat' dir='ltr'><strong>verba</strong></span> <span class='ocrx_word' id='word_1_243' title='bbox 2264 3602 2283 3633; x_wconf 89' lang='lat'><em>,</em></span> <span class='ocrx_word' id='word_1_244' title='bbox 2324 3564 2534 3617; x_wconf 87' lang='lat' dir='ltr'><strong>contra</strong></span> <span class='ocrx_word' id='word_1_245' title='bbox 2563 3556 2727 3618; x_wconf 84' lang='lat' dir='ltr'><strong>Goe-</strong></span> 
     </span>
     <span class='ocr_line' id='line_1_31' title="bbox 752 3656 2726 3740; baseline 0.002 -22"><span class='ocrx_word' id='word_1_246' title='bbox 752 3658 941 3718; x_wconf 77' lang='lat' dir='ltr'><strong>renzii</strong></span> <span class='ocrx_word' id='word_1_247' title='bbox 994 3656 1395 3734; x_wconf 76' lang='lat' dir='ltr'><strong>suspicionem</strong></span> <span class='ocrx_word' id='word_1_248' title='bbox 1412 3704 1430 3732; x_wconf 91' lang='lat'><em>‚</em></span> <span class='ocrx_word' id='word_1_249' title='bbox 1489 3666 1810 3736; x_wconf 86' lang='lat' dir='ltr'><strong>propterea</strong></span> <span class='ocrx_word' id='word_1_250' title='bbox 1864 3659 2155 3720; x_wconf 80' lang='lat' dir='ltr'><strong>servanda</strong></span> <span class='ocrx_word' id='word_1_251' title='bbox 2206 3666 2345 3720; x_wconf 86' lang='lat' dir='ltr'><strong>sunt</strong></span> <span class='ocrx_word' id='word_1_252' title='bbox 2362 3706 2379 3736; x_wconf 89' lang='lat'><em>,</em></span> <span class='ocrx_word' id='word_1_253' title='bbox 2421 3660 2589 3740; x_wconf 87' lang='lat' dir='ltr'><strong>quod</strong></span> <span class='ocrx_word' id='word_1_254' title='bbox 2621 3661 2726 3721; x_wconf 84' lang='lat' dir='ltr'><strong>ab·</strong></span> 
     </span>
     <span class='ocr_line' id='line_1_32' title="bbox 753 3759 2728 3845; baseline 0.002 -24"><span class='ocrx_word' id='word_1_255' title='bbox 753 3760 998 3821; x_wconf 70' lang='lat' dir='ltr'><strong>solvunt</strong></span> <span class='ocrx_word' id='word_1_256' title='bbox 1034 3778 1105 3818; x_wconf 84' lang='lat' dir='ltr'><strong>ea</strong></span> <span class='ocrx_word' id='word_1_257' title='bbox 1122 3803 1141 3833; x_wconf 89' lang='lat'>‚</span> <span class='ocrx_word' id='word_1_258' title='bbox 1186 3777 1340 3837; x_wconf 86' lang='lat' dir='ltr'><strong>quae</strong></span> <span class='ocrx_word' id='word_1_259' title='bbox 1364 3760 1503 3839; x_wconf 86' lang='lat' dir='ltr'><strong>Cap.</strong></span> <span class='ocrx_word' id='word_1_260' title='bbox 1522 3760 1551 3818; x_wconf 91' lang='lat' dir='ltr'><strong>l</strong></span> <span class='ocrx_word' id='word_1_261' title='bbox 1569 3806 1587 3836; x_wconf 91' lang='lat'><em>,</em></span> <span class='ocrx_word' id='word_1_262' title='bbox 1624 3759 1693 3837; x_wconf 82' lang='lat'><strong>3,</strong></span> <span class='ocrx_word' id='word_1_263' title='bbox 1728 3760 1895 3843; x_wconf 73' lang='lat' dir='ltr'><strong>(haec</strong></span> <span class='ocrx_word' id='word_1_264' title='bbox 1921 3774 2006 3823; x_wconf 72' lang='lat' dir='ltr'><strong>ese</strong></span> <span class='ocrx_word' id='word_1_265' title='bbox 2029 3784 2158 3823; x_wconf 81' lang='lat' dir='ltr'><strong>mea</strong></span> <span class='ocrx_word' id='word_1_266' title='bbox 2179 3784 2466 3844; x_wconf 74' lang='lat' dir='ltr'><strong>germana</strong></span> <span class='ocrx_word' id='word_1_267' title='bbox 2488 3762 2728 3845; x_wconf 64' lang='lat' dir='ltr'><strong>patria)</strong></span> 
     </span>
     <span class='ocr_line' id='line_1_33' title="bbox 753 3862 2724 3941; baseline 0.001 -18"><span class='ocrx_word' id='word_1_268' title='bbox 753 3863 1027 3923; x_wconf 81' lang='lat' dir='ltr'><strong>instituta</strong></span> <span class='ocrx_word' id='word_1_269' title='bbox 1060 3869 1232 3921; x_wconf 86' lang='lat' dir='ltr'><strong>erant</strong></span> <span class='ocrx_word' id='word_1_270' title='bbox 1247 3906 1265 3936; x_wconf 93' lang='lat'><em>,</em></span> <span class='ocrx_word' id='word_1_271' title='bbox 1296 3869 1357 3921; x_wconf 82' lang='lat' dir='ltr'><strong>et</strong></span> <span class='ocrx_word' id='word_1_272' title='bbox 1386 3862 1659 3941; x_wconf 83' lang='lat' dir='ltr'><strong>proxime</strong></span> <span class='ocrx_word' id='word_1_273' title='bbox 1688 3863 2184 3941; x_wconf 85' lang='lat' dir='ltr'><strong>praecedentibus</strong></span> <span class='ocrx_word' id='word_1_274' title='bbox 2211 3864 2361 3924; x_wconf 85' lang='lat' dir='ltr'><strong>adeo</strong></span> <span class='ocrx_word' id='word_1_275' title='bbox 2387 3864 2724 3926; x_wconf 85' lang='lat' dir='ltr'><strong>debebatur</strong></span> 
     </span>
     <span class='ocr_line' id='line_1_34' title="bbox 752 3965 2720 4047; baseline 0.001 -20"><span class='ocrx_word' id='word_1_276' title='bbox 752 3967 905 4027; x_wconf 87' lang='lat' dir='ltr'><strong>haec</strong></span> <span class='ocrx_word' id='word_1_277' title='bbox 963 3965 1267 4025; x_wconf 87' lang='lat' dir='ltr'><strong>conclusio</strong></span> <span class='ocrx_word' id='word_1_278' title='bbox 1330 3984 1407 4024; x_wconf 83' lang='lat' dir='ltr'><strong>ex</strong></span> <span class='ocrx_word' id='word_1_279' title='bbox 1469 3966 1738 4043; x_wconf 82' lang='lat' dir='ltr'><strong>generali</strong></span> <span class='ocrx_word' id='word_1_280' title='bbox 1805 3968 2130 4027; x_wconf 88' lang='lat' dir='ltr'><strong>enunciato</strong></span> <span class='ocrx_word' id='word_1_281' title='bbox 2196 3968 2261 4027; x_wconf 91' lang='lat' dir='ltr'><strong>in</strong></span> <span class='ocrx_word' id='word_1_282' title='bbox 2330 3969 2720 4047; x_wconf 85' lang='lat' dir='ltr'><strong>particulare.</strong></span> 
     </span>
     <span class='ocr_line' id='line_1_35' title="bbox 748 4067 2719 4149; baseline 0.001 -20"><span class='ocrx_word' id='word_1_283' title='bbox 748 4069 971 4130; x_wconf 82' lang='lat' dir='ltr'><strong>Eorum</strong></span> <span class='ocrx_word' id='word_1_284' title='bbox 1015 4087 1174 4147; x_wconf 85' lang='lat' dir='ltr'><strong>quae</strong></span> <span class='ocrx_word' id='word_1_285' title='bbox 1220 4067 1644 4149; x_wconf 67' lang='lat' dir='ltr'><strong>subiiciuntnrl</strong></span> <span class='ocrx_word' id='word_1_286' title='bbox 1682 4077 1979 4147; x_wconf 85' lang='lat' dir='ltr'><strong>postrema</strong></span> <span class='ocrx_word' id='word_1_287' title='bbox 2028 4068 2264 4130; x_wconf 88' lang='lat' dir='ltr'><strong>dudum</strong></span> <span class='ocrx_word' id='word_1_288' title='bbox 2283 4117 2301 4147; x_wconf 91' lang='lat'><em>,</em></span> <span class='ocrx_word' id='word_1_289' title='bbox 2342 4070 2488 4131; x_wconf 90' lang='lat' dir='ltr'><strong>inde</strong></span> <span class='ocrx_word' id='word_1_290' title='bbox 2532 4092 2568 4131; x_wconf 82' lang='lat' dir='ltr'><strong>a</strong></span> <span class='ocrx_word' id='word_1_291' title='bbox 2614 4071 2719 4131; x_wconf 85' lang='lat' dir='ltr'><strong>Ca·</strong></span> 
     </span>
     <span class='ocr_line' id='line_1_36' title="bbox 748 4170 2723 4256; baseline 0.001 -23"><span class='ocrx_word' id='word_1_292' title='bbox 748 4173 1035 4248; x_wconf 76' lang='lat' dir='ltr'><strong>mei-ario,</strong></span> <span class='ocrx_word' id='word_1_293' title='bbox 1088 4170 1370 4234; x_wconf 87' lang='lat' dir='ltr'><strong>damnata</strong></span> <span class='ocrx_word' id='word_1_294' title='bbox 1401 4180 1539 4233; x_wconf 87' lang='lat' dir='ltr'><strong>sunt</strong></span> <span class='ocrx_word' id='word_1_295' title='bbox 1575 4171 1771 4253; x_wconf 75' lang='lat' dir='ltr'><strong>(habet</strong></span> <span class='ocrx_word' id='word_1_296' title='bbox 1820 4174 2094 4235; x_wconf 71' lang='lat' dir='ltr'><strong>civitates</strong></span> <span class='ocrx_word' id='word_1_297' title='bbox 2122 4208 2203 4220; x_wconf 90' lang='lat'>—</span> <span class='ocrx_word' id='word_1_298' title='bbox 2222 4173 2454 4256; x_wconf 59' lang='lat' dir='ltr'><strong>puteo:</strong></span> <span class='ocrx_word' id='word_1_299' title='bbox 2496 4174 2603 4235; x_wconf 85' lang='lat' dir='ltr'><strong>sed</strong></span> <span class='ocrx_word' id='word_1_300' title='bbox 2638 4194 2723 4235; x_wconf 76' lang='lat' dir='ltr'><strong>ne</strong></span> 
     </span>
    </p>
   </div>
  </div>
 </body>
</html>
