3131 5032
737 438 864 505 620
1395 431 1537 496 Lm.
1584 428 1715 509 111,
1778 428 1889 507 10,
1939 427 2044 491 24.

744 845 1004 907 dicitur:
1064 841 1406 903 intercessio
1457 838 1724 919 neglecta
1739 880 1758 911 ‚
1799 836 1898 894 im
1934 832 2332 895 tribunicium
2377 830 2672 889 sublatum
2687 873 2708 902 ,

744 946 905 1010 nihil
939 943 1107 1005 aliud
1141 940 1478 1021 significant
1492 984 1510 1014 ,
1553 937 1671 997 nisi
1713 956 1787 996 eo
1819 935 1949 1015 ipso
1981 932 2150 1014 quod
2186 931 2536 997 intercessio
2570 949 2711 1009 neg5

745 1049 1051 1129 ligabatur
1063 1092 1081 1122 ,
1137 1046 1235 1104 ius
1281 1043 1423 1105 trib.
1474 1039 1783 1102 sublatum
1831 1055 1978 1098 esse.
2076 1034 2489 1096 Nihilominus
2548 1040 2710 1093 recte

744 1148 1143 1232 reprehendit
1189 1145 1487 1206 Orellium
1535 1141 1866 1220 Madvigius
1900 1140 2270 1218 Programm.
2313 1135 2482 1198 laud.
2521 1155 2581 1214 p.
2614 1135 2707 1197 11.

747 1261 870 1315 not.
883 1297 904 1327 ,
935 1251 1109 1310 istam
1139 1246 1461 1306 lectionem
1489 1262 1676 1323 prave
1709 1243 2235 1320 interpretantem.
2316 1238 2437 1300 Sed
2474 1238 2710 1318 propior

745 1374 892 1417 vero
922 1352 1105 1413 lectio
1137 1356 1228 1409 est
1259 1349 1475 1408 vetitus
1490 1388 1510 1422 ,
1549 1364 1737 1424 qnam
1789 1354 1993 1403 neom
2004 1365 2033 1415 ;
2064 1343 2119 1402 si
2150 1341 2402 1422 quidem
2439 1340 2708 1402 restituto

746 1458 925 1522 initio
976 1451 1292 1520 vocabuli,
1345 1448 1512 1528 quod
1543 1466 1655 1527 per
1690 1469 1752 1506 m
1782 1444 2147 1506 antecedens
2179 1445 2529 1523 absorptum
2560 1443 2709 1517 fuit,

677 1635 682 1646 ae
744 1557 1076 1640 legendum
1105 1563 1195 1615 est
1221 1555 1519 1612 inventus.
1597 1550 1864 1629 Apparet
1897 1548 2092 1623 enim,
2127 1566 2325 1626 quum
2355 1554 2482 1606 tota
2511 1543 2709 1605 defen·

746 1665 838 1724 sio
871 1661 1216 1722 tribunatus
1240 1654 1422 1736 (quod
1453 1655 1616 1712 enim
1648 1663 1736 1712 est
1764 1662 1884 1712 tam
1918 1650 2078 1731 desp.
2114 1650 2245 1711 0011.
2267 1648 2370 1730 ——)
2389 1648 2509 1709 hoc
2539 1665 2710 1726 argu·

748 1772 957 1827 mento
1006 1763 1271 1834 nitatur,
1327 1756 1635 1817 seditiosos
1687 1754 1964 1814 tribunos
2020 1752 2204 1813 unius
2246 1752 2548 1830 collegae,
2602 1750 2711 1830 qui

749 1889 893 1932 sana
939 1873 1144 1926 mente
1179 1862 1295 1937 sit,-
1337 1858 1768 1920 intercessione
1800 1875 1970 1935 posse
2013 1855 2337 1935 impediri,
2376 1853 2709 1915 Gracchum

748 1974 1020 2053 primum
1067 1965 1196 2026 dici
1226 1983 1347 2024 non
1388 1981 1558 2040 posse
1591 1981 1714 2020 non
1744 1960 1937 2021 solum
1968 1979 2007 2018 a
2043 1960 2306 2040 neglecto
2344 1960 2708 2018 intercessum

753 2091 1032 2137 eversum
1066 2088 1192 2129 esse
1208 2112 1226 2142 ,
1269 2065 1555 2146 quoniam
1600 2062 1758 2122 illud
1796 2081 1920 2121 non
1966 2060 2155 2121 solum
2191 2059 2532 2121 necessario
2562 2057 2713 2118 indi·

751 2195 895 2239 care
917 2179 1154 2252 oportet
1175 2169 1267 2243 id,
1307 2166 1474 2246 quod
1497 2165 1717 2225 soleret
1740 2163 1905 2238 fieri,
1934 2161 2223 2241 quodque
2249 2182 2326 2223 ex
2352 2163 2373 2221 i
2379 2181 2482 2241 psa
2505 2169 2712 2221 natura

752 2279 920 2340 illius
968 2271 1272 2355 potestatis
1317 2266 1791 2348 exspectandum
1837 2272 2009 2328 esset.
2088 2264 2301 2344 Neque
2352 2264 2472 2325 hoc
2522 2264 2712 2343 negli-

754 2380 1024 2463 gendum
1040 2423 1059 2454 ‚
1116 2374 1449 2455 quaesitam
1501 2370 1701 2431 videri
1752 2368 2186 2448 oppositionem
2242 2375 2519 2447 argutam
2560 2367 2715 2427 inter

754 2484 823 2547 id
849 2481 1018 2565 quod
1044 2500 1166 2541 um·
1193 2478 1408 2553 colum,
1436 2482 1499 2537 et
1526 2473 1694 2554 quod
1722 2472 1827 2533 sed
1851 2473 2031 2532 mam
2057 2470 2287 2532 sactum
2317 2491 2443 2533 esse
2468 2471 2715 2547 dicitur,

756 2606 917 2669 quae
966 2584 1141 2645 nullo
1166 2580 1346 2642 modo
1376 2575 1860 2658 deprehenditur
1893 2575 1961 2635 in
1994 2576 2294 2656 neglectus
2328 2582 2392 2635 et
2418 2576 2675 2635 sublata
2690 2620 2712 2650 ,

757 2690 864 2753 sed
912 2686 1163 2767 pulcre,
1220 2683 1290 2743 ni
1336 2681 1551 2757 fallor,
1609 2686 1939 2758 usurpatur
1988 2677 2055 2736 in
2106 2679 2387 2738 {mmm
2433 2685 2494 2738 et
2528 2676 2715 2737 naht:

756 2795 1034 2873 iuventus
1080 2798 1167 2847 est
1178 2831 1197 2862 ,
1249 2793 1337 2846 est
1372 2784 1599 2845 exstitit
1635 2781 1748 2861 qni
1780 2779 2160 2841 intercedere
2190 2779 2463 2841 auderet.
2498 2812 2578 2825 -
2607 2778 2719 2838 Pro

744 2899 960 2978 suerat
975 2938 994 2969 ,
1029 2888 1194 2972 quod
1228 2888 1410 2966 longe
1444 2887 1714 2948 maxima⁴
1741 2902 1877 2963 pars
1910 2882 2201 2944 Codicum
2234 2890 2432 2942 servat
2460 2881 2718 2962 (Lagea.

765 2998 843 3061 10
864 2990 1065 3079 forat)
1078 3038 1097 3069 ,
1151 2990 1511 3051 Goerenzius
1545 3009 1623 3049 ex
1661 3007 1786 3049 uno
1833 2986 2147 3065 alteroque
2197 2984 2359 3046 libro
2399 2984 2575 3045 affert
2601 3005 2720 3046 ser-

761 3107 1003 3160 vaverat
1019 3140 1039 3170 ,
1095 3101 1160 3154 et
1208 3103 1469 3152 seruarat
1486 3135 1505 3165 ,
1575 3109 1650 3149 ex
1697 3086 1924 3167 quibus
1979 3086 2086 3145 alii
2136 3085 2307 3145 aliud
2360 3085 2717 3163 effecerunt5

761 3201 918 3263 mihi
963 3197 1163 3277 placet
1177 3239 1197 3271 ,
1250 3193 1416 3273 quod
1462 3212 1500 3253 a
1550 3190 1825 3251 Bentleie
1872 3196 2237 3267 occupatum
2282 3187 2464 3248 video
2479 3233 2499 3263 ,
2539 3195 2610 3248 ut
2649 3205 2719 3247 ex

747 3309 962 3388 suerat
1014 3320 1139 3360 non
1186 3296 1439 3376 quidem
1472 3298 1778 3377 fregerat,
1820 3291 1925 3352 sed
1944 3294 2146 3373 fngit
2187 3288 2483 3350 efficiatur
2499 3336 2519 3366 ,
2565 3287 2722 3368 quod

763 3405 1027 3471 Orellius
1044 3449 1060 3479 ,
1114 3407 1187 3460 ut
1218 3399 1479 3460 arbitror
1494 3443 1512 3473 ,
1565 3416 1690 3459 non
1726 3394 2136 3474 repudiasset,
2177 3394 2228 3453 si
2262 3413 2498 3454 memor
2526 3393 2723 3452 fnisset

763 3509 888 3572 loci
934 3509 1000 3567 in
1049 3505 1234 3564 Bruto
1284 3501 1393 3576 25,
1435 3500 1546 3575 95,
1601 3500 1708 3560 ubi
1743 3498 1810 3558 in
1845 3498 2061 3559 eadem
2095 3515 2271 3557 causa
2306 3504 2371 3556 et
2402 3495 2485 3557 de
2517 3494 2723 3556 iisdem

762 3608 1141 3681 hominibus,
1178 3606 1287 3683 qui
1313 3596 1651 3683 (octavius)
1668 3601 1906 3663 iniuria
1931 3608 2172 3677 accepta
2188 3598 2392 3677 sugit
2426 3597 2520 3656 Ti.
2554 3597 2729 3656 Gree-

766 3713 939 3775 oleum
983 3707 1301 3788 patientia.
1384 3704 1458 3762 Et
1507 3701 1764 3762 verbum
1808 3697 1970 3767 illud
2009 3716 2188 3776 saepe
2219 3705 2577 3774 corruptum
2611 3714 2730 3757 esse

768 3815 1030 3879 constat:
1089 3803 1269 3864 sicuti
1321 3802 1524 3862 Victor
1568 3801 1812 3861 Pisanus
1856 3798 2183 3860 rectissime
2219 3797 2387 3857 Brut.
2420 3795 2538 3874 28,
2583 3797 2729 3872 109,

756 3914 955 3998 fregit
997 3929 1109 3989 pro
1139 3908 1304 3988 fecit
1335 3905 1457 3983 legi
1492 3903 1667 3962 iubet
1683 3928 1699 3980 ;
1744 3909 1806 3961 et
1844 3900 1913 3960 in
1943 3900 2129 3961 Taciti
2166 3898 2350 3960 Codd.
2384 3898 2547 3960 Ann.
2587 3898 2730 3973 xlv,

770 4020 883 4094 31,
929 4012 1098 4096 facti
1155 4017 1217 4070 et
1254 4009 1456 4089 fracti
1506 4012 1952 4084 permutantur.
2049 4002 2235 4078 Tum,
2304 4000 2473 4080 quod
2525 4001 2733 4063 Orellii

771 4138 945 4185 causa
997 4133 1213 4178 moneo
1265 4121 1327 4172 et
1380 4110 1637 4170 aliorum
1656 4152 1674 4184 ,
1714 4109 1821 4185 qui
1856 4106 2180 4170 violentius
2215 4104 2466 4165 verbum
2502 4103 2727 4169 restitui
