3131 5032
1550 497 1644 571 69

613 736 818 801 sane,
871 715 1060 801 Tite,
1118 725 1225 813 et,
1281 722 1409 781 ut¹
1462 709 1814 802 arbitror,
1865 737 2014 783 non
2058 716 2306 810 ignota
2353 716 2575 787 vobis.

612 832 749 906 Sed
788 856 872 905 ea
907 856 1057 903 non
1083 845 1230 904 tam
1260 829 1351 905 ad
1382 831 1806 931 religionem
1844 832 2206 931 spectant,
2243 858 2460 931 quam
2485 834 2578 907 ad

611 958 727 1025 ius
754 950 1272 1051 sepulcrorum.
1373 951 1747 1023 Hominem
1775 967 2157 1043 mortuum,
2197 956 2437 1050 inquit
2464 954 2577 1026 lex

612 1076 690 1144 in
727 1077 892 1163 ΧΠ,
931 1075 1005 1143 in
1043 1070 1211 1142 urbe
1245 1096 1335 1142 ne
1372 1069 1663 1167 sepelito
1698 1096 1865 1142 neve
1904 1075 2122 1143 terito:
2176 1072 2430 1164 cred0,
2464 1075 2579 1145 vel

618 1206 917 1292 propter
945 1194 1128 1289 ignis
1155 1189 1592 1290 periculum:
1629 1189 1830 1287 quod
1861 1205 2104 1263 autem
2132 1191 2329 1265 addit
2348 1245 2368 1281 ,
2416 1219 2583 1264 neve

614 1315 832 1402 arico,
873 1311 1144 1383 indicat
1189 1335 1369 1399 non,
1423 1313 1550 1406 qui
1589 1325 1871 1399 uratur,
1902 1311 2247 1409 sepeliri,
2285 1312 2411 1383 sed
2451 1316 2583 1408 qui

618 1430 982 1503 humetur.
1082 1435 1225 1503 Att.
1277 1429 1523 1521 Quid?
1579 1433 1710 1527 qui
1769 1445 1936 1529 post
1975 1436 2108 1502 XII
2139 1434 2212 1502 in
2247 1431 2434 1504 urbe
2473 1456 2584 1505 se·

616 1550 805 1651 pulti
839 1550 1059 1622 sunt?
1116 1546 1213 1622 M.
1250 1549 1495 1622 Claros
1531 1554 1726 1621 viros
1764 1549 1982 1621 credo
2005 1560 2073 1640 ²,
2111 1554 2300 1641 Tite,
2336 1549 2585 1641 fuisse,

616 1683 745 1743 aut
799 1695 966 1754 eoS‚
1031 1669 1301 1766 quibus
1353 1668 1497 1740 hoc
1545 1682 1713 1741 ante
1770 1667 1961 1740 hanc
2014 1665 2246 1767 legem
2301 1674 2587 1743 virtutis

619 1813 832 1863 causa
875 1789 1231 1861 tributum
1290 1801 1435 1877 est,
1479 1784 1563 1858 ut
1604 1785 2063 1877 Publicolae,
2114 1801 2198 1858 ut
2222 1784 2585 1880 Tuberto,

618 1906 821 2006 quod
875 1929 1131 1979 eorum
1177 1908 1451 2004 posteri
1496 1907 1656 1976 iure
1715 1918 2142 1996 tenuerunt3
2178 1921 2304 1979 aut
2336 1931 2490 1996 θος,
2527 1912 2589 1980 si

619 2031 753 2126 qui
810 2024 992 2112 hoc,
1052 2039 1135 2095 ut
1180 2029 1257 2097 C.
1307 2023 1703 2115 Fabricius,
1744 2028 2032 2097 virtutis
2082 2051 2324 2117 causa,
2368 2026 2588 2100 soluti

621 2145 939 2243 legibus,
977 2148 1345 2216 consecuti
1381 2158 1574 2215 sunt.
1644 2144 1782 2217 Sed
1820 2148 1895 2216 in
1934 2145 2119 2218 urbe
2150 2145 2436 2244 sepeliri
2469 2148 2584 2220 lex

620 2280 856 2356 vetat,
910 2269 1013 2337 sic
1069 2264 1440 2336 decretum
1492 2289 1534 2336 a
1591 2263 2020 2365 pontificum
2072 2266 2373 2365 collegio
2437 2292 2589 2341 non

623 2411 777 2459 esse
820 2390 934 2457 ius
967 2388 1045 2456 in
1084 2385 1246 2457 loco
1283 2382 1581 2484 publico
1615 2381 1776 2456 fieri
1813 2384 2249 2484 sepulcrum.
2348 2391 2589 2461 Nostis

622 2521 825 2579 extra
867 2519 1154 2605 portam
1198 2503 1549 2578 Collinam
1591 2504 1842 2578 aedem
1876 2509 2213 2580 Honoris,
2314 2510 2525 2580 Aram
2555 2515 2582 2555 ³

619 2631 697 2699 in
759 2651 848 2699 eo
909 2624 1071 2696 loco
1127 2624 1347 2696 fuisse
1400 2627 1788 2697 memoriae
1835 2624 2207 2723 proditum
2247 2641 2375 2699 est.
2476 2627 2587 2700 Ad

626 2770 783 2819 eam
811 2770 1036 2842 quum
1067 2745 1326 2817 lamina
1359 2756 1545 2815 esset
1574 2747 1895 2834 inventa,
1930 2758 2002 2815 et
2028 2749 2100 2814 in
2131 2770 2214 2817 ea
2236 2750 2585 2845 scriptum

626 2866 913 2938 domina
936 2869 965 2909 ⁴
1003 2864 1325 2954 honoris,
1362 2888 1445 2936 ea
1485 2888 1693 2935 causa
1730 2862 1870 2934 fuit
1906 2864 2100 2935 aedis
2140 2864 2357 2937 huius
2395 2866 2584 2939 dedi-

630 2985 920 3059 candae:
973 2985 1135 3074 sed,
1193 3008 1425 3081 quum
1478 2982 1706 3054 multa
1757 2986 1831 3052 in
1888 3007 1976 3053 eo
2035 2983 2197 3054 loco
2257 2984 2583 3083 sepulcra

622 3105 959 3196 fuissent,
1025 3118 1307 3178 exarata
1362 3116 1565 3175 sunt:
1633 3106 1880 3175 statuit
1943 3106 2133 3175 enim
2203 3103 2584 3203 collegium

599 3225 866 3297 -locum
920 3224 1293 3324 publicum
1346 3247 1495 3294 non
1554 3226 1876 3322 potuisse
1919 3225 2190 3321 privata
2237 3222 2584 3321 religione

624 3343 950 3442 obligari.
1048 3349 1197 3416 Iam
1262 3356 1498 3414 cetera
1550 3346 1629 3412 in
1687 3347 1821 3413 XII
1875 3341 2251 3413 minuendi
2302 3358 2581 3416 sumtus

623 3479 798 3536 sunt
817 3485 879 3554 ⁵,
932 3462 1627 3558 lamentationesque
1657 3479 1684 3519 ⁸
1741 3459 2050 3551 funeris,
2101 3462 2437 3536 translata
2491 3464 2582 3537 de

622 3585 908 3657 Solonis
939 3580 1090 3655 fere
1122 3581 1418 3680 legibus.
1509 3588 1659 3654 Hoc
1680 3581 1882 3678 plus,
1914 3585 2188 3679 inquit,
2218 3610 2307 3654 ne
2311 3584 2583 3678 facito:

627 3728 873 3802 mgwn
928 3705 1126 3772 ascia
1180 3728 1269 3773 ne
1307 3701 1574 3799 polito.-
1626 3705 1853 3773 nostis
1902 3726 2090 3799 quae
2145 3719 2583 3799 sequuntur:

628 3821 1081 3896 discebamus
1131 3826 1325 3895 enim
1377 3825 1588 3922 pueri
1637 3826 1771 3892 XII
1804 3836 1888 3893 ut
1934 3847 2220 3895 carmen
2266 3848 2585 3896 necessa-

693 4131 708 4163 ¹
750 4128 847 4180 uti.
917 4126 941 4164 ²
977 4124 1166 4197 sepulti
1202 4133 1359 4187 sunt,
1385 4120 1509 4174 elui
1541 4122 1686 4174 viri?
1719 4119 1786 4174 Π.
1819 4120 2005 4174 Credo.
2081 4125 2104 4159 ³
2142 4131 2191 4172 et
2221 4140 2375 4173 aram.
2450 4123 2469 4160 ἱ
2509 4120 2593 4172 la·-

615 4213 783 4264 mim.
856 4213 882 4248 ⁸
915 4221 1034 4262 suut
1069 4218 1286 4261 sumtus.
1356 4211 1382 4247 ⁸
1417 4206 1932 4275 lamentationisque.

2648 3352 2739 3406 59.
