<?xml version="1.0" encoding="UTF-8"?>
<!DOCTYPE html PUBLIC "-//W3C//DTD XHTML 1.0 Transitional//EN"
    "http://www.w3.org/TR/xhtml1/DTD/xhtml1-transitional.dtd">
<html xmlns="http://www.w3.org/1999/xhtml" xml:lang="en" lang="en">
 <head>
  <title>
</title>
<meta http-equiv="Content-Type" content="text/html;charset=utf-8" />
  <meta name='ocr-system' content='tesseract 3.04.00' />
  <meta name='ocr-capabilities' content='ocr_page ocr_carea ocr_par ocr_line ocrx_word'/>
</head>
<body>
  <div class='ocr_page' id='page_1' title='image "./mtulliiciceroni02bakegoog_0347.png"; bbox 0 0 3131 5032; ppageno 0'>
   <div class='ocr_carea' id='block_1_1' title="bbox 687 367 1914 451">
    <p class='ocr_par' dir='ltr' id='par_1_1' title="bbox 687 367 1914 451">
     <span class='ocr_line' id='line_1_1' title="bbox 687 367 1914 451; baseline -0.003 -15"><span class='ocrx_word' id='word_1_1' title='bbox 687 368 816 436; x_wconf 83' lang='lat'><strong>280</strong></span> <span class='ocrx_word' id='word_1_2' title='bbox 1417 367 1560 434; x_wconf 80' lang='lat' dir='ltr'><strong>Lm.</strong></span> <span class='ocrx_word' id='word_1_3' title='bbox 1610 367 1675 451; x_wconf 86' lang='lat'><strong>1,</strong></span> <span class='ocrx_word' id='word_1_4' title='bbox 1728 371 1804 451; x_wconf 86' lang='lat'><strong>2,</strong></span> <span class='ocrx_word' id='word_1_5' title='bbox 1850 372 1914 437; x_wconf 77' lang='lat'><strong>5.</strong></span> 
     </span>
    </p>
   </div>
   <div class='ocr_carea' id='block_1_2' title="bbox 692 571 2731 4162">
    <p class='ocr_par' dir='ltr' id='par_1_2' title="bbox 692 571 2654 964">
     <span class='ocr_line' id='line_1_2' title="bbox 706 571 2654 654; baseline -0.002 -17"><span class='ocrx_word' id='word_1_6' title='bbox 706 572 1003 637; x_wconf 72' lang='lat' dir='ltr'><strong>censorw:</strong></span> <span class='ocrx_word' id='word_1_7' title='bbox 1061 571 1487 652; x_wconf 85' lang='lat' dir='ltr'><strong>corrigendum</strong></span> <span class='ocrx_word' id='word_1_8' title='bbox 1551 582 1701 654; x_wconf 87' lang='lat' dir='ltr'><strong>puto</strong></span> <span class='ocrx_word' id='word_1_9' title='bbox 1765 573 2025 634; x_wconf 68' lang='lat' dir='ltr'><strong>omittere</strong></span> <span class='ocrx_word' id='word_1_10' title='bbox 2040 617 2060 648; x_wconf 94' lang='lat'><strong>,</strong></span> <span class='ocrx_word' id='word_1_11' title='bbox 2118 572 2169 631; x_wconf 87' lang='lat' dir='ltr'><strong>si</strong></span> <span class='ocrx_word' id='word_1_12' title='bbox 2226 579 2392 632; x_wconf 88' lang='lat' dir='ltr'><strong>recte</strong></span> <span class='ocrx_word' id='word_1_13' title='bbox 2449 572 2654 634; x_wconf 84' lang='lat' dir='ltr'><strong>locum</strong></span> 
     </span>
     <span class='ocr_line' id='line_1_3' title="bbox 702 675 2653 756; baseline -0.001 -18"><span class='ocrx_word' id='word_1_14' title='bbox 702 677 977 755; x_wconf 78' lang='lat' dir='ltr'><strong>intelligo</strong></span> <span class='ocrx_word' id='word_1_15' title='bbox 1025 675 1103 735; x_wconf 92' lang='lat' dir='ltr'><strong>de</strong></span> <span class='ocrx_word' id='word_1_16' title='bbox 1157 675 1427 737; x_wconf 88' lang='lat' dir='ltr'><strong>redemto</strong></span> <span class='ocrx_word' id='word_1_17' title='bbox 1443 724 1462 753; x_wconf 88' lang='lat'><em>‚</em></span> <span class='ocrx_word' id='word_1_18' title='bbox 1520 685 1827 756; x_wconf 79' lang='lat' dir='ltr'><strong>tamquam</strong></span> <span class='ocrx_word' id='word_1_19' title='bbox 1888 697 1963 737; x_wconf 86' lang='lat' dir='ltr'><strong>ex</strong></span> <span class='ocrx_word' id='word_1_20' title='bbox 2014 675 2151 754; x_wconf 85' lang='lat' dir='ltr'><strong>lege</strong></span> <span class='ocrx_word' id='word_1_21' title='bbox 2198 676 2468 736; x_wconf 84' lang='lat' dir='ltr'><strong>censoria</strong></span> <span class='ocrx_word' id='word_1_22' title='bbox 2485 721 2505 755; x_wconf 88' lang='lat'><strong>,</strong></span> <span class='ocrx_word' id='word_1_23' title='bbox 2546 676 2653 736; x_wconf 87' lang='lat' dir='ltr'><strong>illo</strong></span> 
     </span>
     <span class='ocr_line' id='line_1_4' title="bbox 692 777 2651 859; baseline -0.002 -18"><span class='ocrx_word' id='word_1_24' title='bbox 692 801 952 841; x_wconf 88' lang='lat' dir='ltr'><strong>munere</strong></span> <span class='ocrx_word' id='word_1_25' title='bbox 1002 779 1322 859; x_wconf 78' lang='lat' dir='ltr'><strong>bipartitae</strong></span> <span class='ocrx_word' id='word_1_26' title='bbox 1371 799 1516 840; x_wconf 88' lang='lat' dir='ltr'><strong>cum</strong></span> <span class='ocrx_word' id='word_1_27' title='bbox 1565 779 1831 839; x_wconf 82' lang='lat' dir='ltr'><strong>Antonio</strong></span> <span class='ocrx_word' id='word_1_28' title='bbox 1874 779 1954 840; x_wconf 89' lang='lat' dir='ltr'><strong>de</strong></span> <span class='ocrx_word' id='word_1_29' title='bbox 2010 779 2263 839; x_wconf 85' lang='lat' dir='ltr'><strong>oratoris</strong></span> <span class='ocrx_word' id='word_1_30' title='bbox 2305 777 2501 840; x_wconf 88' lang='lat' dir='ltr'><strong>officio</strong></span> <span class='ocrx_word' id='word_1_31' title='bbox 2537 778 2651 838; x_wconf 85' lang='lat' dir='ltr'><strong>dis-</strong></span> 
     </span>
     <span class='ocr_line' id='line_1_5' title="bbox 693 883 1039 964; baseline -0.006 -20"><span class='ocrx_word' id='word_1_32' title='bbox 693 883 1039 964; x_wconf 78' lang='lat' dir='ltr'><strong>putationis.</strong></span> 
     </span>
    </p>

    <p class='ocr_par' dir='ltr' id='par_1_3' title="bbox 699 983 2657 1374">
     <span class='ocr_line' id='line_1_6' title="bbox 778 983 2653 1067; baseline -0.001 -21"><span class='ocrx_word' id='word_1_33' title='bbox 778 998 848 1046; x_wconf 76' lang='lat' dir='ltr'><strong>ut</strong></span> <span class='ocrx_word' id='word_1_34' title='bbox 878 989 946 1045; x_wconf 75' lang='lat' dir='ltr'><strong>in</strong></span> <span class='ocrx_word' id='word_1_35' title='bbox 975 986 1084 1046; x_wconf 74' lang='lat' dir='ltr'><strong>hoo</strong></span> <span class='ocrx_word' id='word_1_36' title='bbox 1116 988 1295 1045; x_wconf 79' lang='lat' dir='ltr'><strong>etiam</strong></span> <span class='ocrx_word' id='word_1_37' title='bbox 1319 984 1576 1067; x_wconf 73' lang='lat' dir='ltr'><strong>genere).</strong></span> <span class='ocrx_word' id='word_1_38' title='bbox 1655 985 1789 1047; x_wconf 83' lang='lat' dir='ltr'><strong>Non</strong></span> <span class='ocrx_word' id='word_1_39' title='bbox 1822 984 2153 1065; x_wconf 77' lang='lat' dir='ltr'><strong>premenda</strong></span> <span class='ocrx_word' id='word_1_40' title='bbox 2182 983 2364 1046; x_wconf 88' lang='lat' dir='ltr'><strong>lectio</strong></span> <span class='ocrx_word' id='word_1_41' title='bbox 2393 993 2484 1045; x_wconf 88' lang='lat' dir='ltr'><strong>est</strong></span> <span class='ocrx_word' id='word_1_42' title='bbox 2512 983 2653 1045; x_wconf 90' lang='lat' dir='ltr'><strong>Cod.</strong></span> 
     </span>
     <span class='ocr_line' id='line_1_7' title="bbox 700 1088 2656 1170; baseline -0.001 -20"><span class='ocrx_word' id='word_1_43' title='bbox 700 1089 775 1151; x_wconf 76' lang='lat' dir='ltr'><strong>M.</strong></span> <span class='ocrx_word' id='word_1_44' title='bbox 829 1089 992 1169; x_wconf 80' lang='lat' dir='ltr'><strong>apud</strong></span> <span class='ocrx_word' id='word_1_45' title='bbox 1044 1088 1367 1149; x_wconf 77' lang='lat' dir='ltr'><strong>Moserum:</strong></span> <span class='ocrx_word' id='word_1_46' title='bbox 1422 1100 1489 1148; x_wconf 69' lang='lat' dir='ltr'><strong>ut</strong></span> <span class='ocrx_word' id='word_1_47' title='bbox 1539 1089 1699 1148; x_wconf 75' lang='lat' dir='ltr'><strong>nihil</strong></span> <span class='ocrx_word' id='word_1_48' title='bbox 1735 1091 1917 1149; x_wconf 73' lang='lat' dir='ltr'><strong>etiam</strong></span> <span class='ocrx_word' id='word_1_49' title='bbox 1947 1090 2017 1148; x_wconf 78' lang='lat' dir='ltr'><strong>in</strong></span> <span class='ocrx_word' id='word_1_50' title='bbox 2042 1110 2254 1170; x_wconf 78' lang='lat' dir='ltr'><strong>genere</strong></span> <span class='ocrx_word' id='word_1_51' title='bbox 2271 1134 2290 1165; x_wconf 92' lang='lat'><strong>,</strong></span> <span class='ocrx_word' id='word_1_52' title='bbox 2329 1108 2487 1168; x_wconf 76' lang='lat' dir='ltr'><strong>quae</strong></span> <span class='ocrx_word' id='word_1_53' title='bbox 2519 1107 2656 1148; x_wconf 89' lang='lat' dir='ltr'><strong>cor-</strong></span> 
     </span>
     <span class='ocr_line' id='line_1_8' title="bbox 699 1188 2657 1275; baseline -0.001 -22"><span class='ocrx_word' id='word_1_54' title='bbox 699 1201 879 1273; x_wconf 81' lang='lat' dir='ltr'><strong>rupta</strong></span> <span class='ocrx_word' id='word_1_55' title='bbox 910 1188 1152 1251; x_wconf 82' lang='lat' dir='ltr'><strong>videtur</strong></span> <span class='ocrx_word' id='word_1_56' title='bbox 1188 1212 1264 1252; x_wconf 81' lang='lat' dir='ltr'><strong>ex</strong></span> <span class='ocrx_word' id='word_1_57' title='bbox 1296 1202 1364 1251; x_wconf 73' lang='lat' dir='ltr'><strong>ut</strong></span> <span class='ocrx_word' id='word_1_58' title='bbox 1393 1193 1462 1251; x_wconf 75' lang='lat' dir='ltr'><strong>in</strong></span> <span class='ocrx_word' id='word_1_59' title='bbox 1494 1193 1600 1251; x_wconf 85' lang='lat' dir='ltr'><strong>illo</strong></span> <span class='ocrx_word' id='word_1_60' title='bbox 1632 1195 1812 1253; x_wconf 72' lang='lat' dir='ltr'><strong>etiam</strong></span> <span class='ocrx_word' id='word_1_61' title='bbox 1833 1212 2044 1275; x_wconf 73' lang='lat' dir='ltr'><strong>genere</strong></span> <span class='ocrx_word' id='word_1_62' title='bbox 2064 1237 2082 1267; x_wconf 89' lang='lat'>‚</span> <span class='ocrx_word' id='word_1_63' title='bbox 2122 1192 2319 1271; x_wconf 80' lang='lat' dir='ltr'><strong>qualis</strong></span> <span class='ocrx_word' id='word_1_64' title='bbox 2349 1192 2657 1271; x_wconf 78' lang='lat' dir='ltr'><strong>corruptio</strong></span> 
     </span>
     <span class='ocr_line' id='line_1_9' title="bbox 703 1293 1695 1374; baseline 0 -18"><span class='ocrx_word' id='word_1_65' title='bbox 703 1296 851 1356; x_wconf 82' lang='lat' dir='ltr'><strong>alibi</strong></span> <span class='ocrx_word' id='word_1_66' title='bbox 890 1315 1136 1374; x_wconf 77' lang='lat' dir='ltr'><strong>quoque</strong></span> <span class='ocrx_word' id='word_1_67' title='bbox 1177 1293 1548 1373; x_wconf 82' lang='lat' dir='ltr'><strong>deprehensa</strong></span> <span class='ocrx_word' id='word_1_68' title='bbox 1589 1304 1695 1357; x_wconf 90' lang='lat' dir='ltr'><strong>est.</strong></span> 
     </span>
    </p>

    <p class='ocr_par' dir='ltr' id='par_1_4' title="bbox 697 1396 2731 4162">
     <span class='ocr_line' id='line_1_10' title="bbox 786 1396 2658 1479; baseline -0.001 -21"><span class='ocrx_word' id='word_1_69' title='bbox 786 1420 985 1458; x_wconf 78' lang='lat' dir='ltr'><strong>eorum</strong></span> <span class='ocrx_word' id='word_1_70' title='bbox 1032 1398 1252 1457; x_wconf 76' lang='lat' dir='ltr'><strong>studiis</strong></span> <span class='ocrx_word' id='word_1_71' title='bbox 1269 1444 1286 1473; x_wconf 93' lang='lat'><strong>,</strong></span> <span class='ocrx_word' id='word_1_72' title='bbox 1342 1400 1452 1478; x_wconf 76' lang='lat' dir='ltr'><strong>qui</strong></span> <span class='ocrx_word' id='word_1_73' title='bbox 1504 1402 1627 1459; x_wconf 75' lang='lat' dir='ltr'><strong>tuis</strong></span> <span class='ocrx_word' id='word_1_74' title='bbox 1678 1400 1871 1459; x_wconf 73' lang='lat' dir='ltr'><strong>literis</strong></span> <span class='ocrx_word' id='word_1_75' title='bbox 1922 1396 2305 1479; x_wconf 72' lang='lat' dir='ltr'><strong>delectantur)</strong></span> <span class='ocrx_word' id='word_1_76' title='bbox 2383 1397 2514 1457; x_wconf 78' lang='lat' dir='ltr'><strong>Iam</strong></span> <span class='ocrx_word' id='word_1_77' title='bbox 2554 1396 2658 1456; x_wconf 88' lang='lat' dir='ltr'><strong>hic</strong></span> 
     </span>
     <span class='ocr_line' id='line_1_11' title="bbox 704 1500 2659 1583; baseline -0.001 -20"><span class='ocrx_word' id='word_1_78' title='bbox 704 1501 853 1563; x_wconf 87' lang='lat' dir='ltr'><strong>ordo</strong></span> <span class='ocrx_word' id='word_1_79' title='bbox 887 1502 1211 1561; x_wconf 83' lang='lat' dir='ltr'><strong>verborum</strong></span> <span class='ocrx_word' id='word_1_80' title='bbox 1227 1547 1246 1577; x_wconf 90' lang='lat'>‚</span> <span class='ocrx_word' id='word_1_81' title='bbox 1286 1500 1505 1583; x_wconf 87' lang='lat' dir='ltr'><strong>(quum</strong></span> <span class='ocrx_word' id='word_1_82' title='bbox 1539 1504 1707 1582; x_wconf 87' lang='lat' dir='ltr'><strong>prius</strong></span> <span class='ocrx_word' id='word_1_83' title='bbox 1740 1504 2089 1582; x_wconf 79' lang='lat' dir='ltr'><strong>transposita</strong></span> <span class='ocrx_word' id='word_1_84' title='bbox 2129 1509 2321 1562; x_wconf 80' lang='lat' dir='ltr'><strong>essent</strong></span> <span class='ocrx_word' id='word_1_85' title='bbox 2357 1502 2548 1561; x_wconf 71' lang='lat' dir='ltr'><strong>literis</strong></span> <span class='ocrx_word' id='word_1_86' title='bbox 2578 1532 2659 1545; x_wconf 94' lang='lat'>—</span> 
     </span>
     <span class='ocr_line' id='line_1_12' title="bbox 705 1602 2661 1686; baseline -0.002 -21"><span class='ocrx_word' id='word_1_87' title='bbox 705 1602 946 1684; x_wconf 75' lang='lat' dir='ltr'><strong>studiis)</strong></span> <span class='ocrx_word' id='word_1_88' title='bbox 995 1612 1163 1664; x_wconf 84' lang='lat' dir='ltr'><strong>extra</strong></span> <span class='ocrx_word' id='word_1_89' title='bbox 1203 1607 1664 1667; x_wconf 81' lang='lat' dir='ltr'><strong>controversiam</strong></span> <span class='ocrx_word' id='word_1_90' title='bbox 1698 1615 1804 1668; x_wconf 84' lang='lat' dir='ltr'><strong>est.</strong></span> <span class='ocrx_word' id='word_1_91' title='bbox 1885 1605 2000 1666; x_wconf 91' lang='lat' dir='ltr'><strong>Sed</strong></span> <span class='ocrx_word' id='word_1_92' title='bbox 2018 1653 2037 1682; x_wconf 88' lang='lat'><em>‚</em></span> <span class='ocrx_word' id='word_1_93' title='bbox 2077 1604 2243 1686; x_wconf 87' lang='lat' dir='ltr'><strong>quod</strong></span> <span class='ocrx_word' id='word_1_94' title='bbox 2282 1604 2505 1664; x_wconf 73' lang='lat' dir='ltr'><strong>Hosero</strong></span> <span class='ocrx_word' id='word_1_95' title='bbox 2537 1623 2661 1662; x_wconf 91' lang='lat' dir='ltr'><strong>non</strong></span> 
     </span>
     <span class='ocr_line' id='line_1_13' title="bbox 706 1704 2660 1784; baseline -0.003 -16"><span class='ocrx_word' id='word_1_96' title='bbox 706 1708 823 1768; x_wconf 90' lang='lat' dir='ltr'><strong>nisi</strong></span> <span class='ocrx_word' id='word_1_97' title='bbox 877 1728 953 1767; x_wconf 84' lang='lat' dir='ltr'><strong>ex</strong></span> <span class='ocrx_word' id='word_1_98' title='bbox 1002 1709 1248 1768; x_wconf 78' lang='lat' dir='ltr'><strong>vetustis</strong></span> <span class='ocrx_word' id='word_1_99' title='bbox 1291 1707 1669 1770; x_wconf 87' lang='lat' dir='ltr'><strong>Editionibus</strong></span> <span class='ocrx_word' id='word_1_100' title='bbox 1708 1710 2085 1784; x_wconf 80' lang='lat' dir='ltr'><strong>innotuerat,</strong></span> <span class='ocrx_word' id='word_1_101' title='bbox 2127 1707 2363 1769; x_wconf 87' lang='lat' dir='ltr'><strong>restitui</strong></span> <span class='ocrx_word' id='word_1_102' title='bbox 2403 1726 2480 1766; x_wconf 83' lang='lat' dir='ltr'><strong>ex</strong></span> <span class='ocrx_word' id='word_1_103' title='bbox 2510 1704 2660 1784; x_wconf 90' lang='lat' dir='ltr'><strong>opti·</strong></span> 
     </span>
     <span class='ocr_line' id='line_1_14' title="bbox 706 1808 2660 1891; baseline -0.003 -19"><span class='ocrx_word' id='word_1_104' title='bbox 706 1812 822 1872; x_wconf 87' lang='lat' dir='ltr'><strong>mis</strong></span> <span class='ocrx_word' id='word_1_105' title='bbox 879 1811 1058 1886; x_wconf 87' lang='lat' dir='ltr'><strong>meis,</strong></span> <span class='ocrx_word' id='word_1_106' title='bbox 1119 1813 1258 1871; x_wconf 78' lang='lat' dir='ltr'><strong>tuis.</strong></span> <span class='ocrx_word' id='word_1_107' title='bbox 1356 1812 1568 1891; x_wconf 88' lang='lat' dir='ltr'><strong>Neque</strong></span> <span class='ocrx_word' id='word_1_108' title='bbox 1627 1812 1794 1873; x_wconf 90' lang='lat' dir='ltr'><strong>enim</strong></span> <span class='ocrx_word' id='word_1_109' title='bbox 1851 1820 1975 1872; x_wconf 78' lang='lat' dir='ltr'><strong>tam</strong></span> <span class='ocrx_word' id='word_1_110' title='bbox 2039 1811 2320 1871; x_wconf 82' lang='lat' dir='ltr'><strong>universe</strong></span> <span class='ocrx_word' id='word_1_111' title='bbox 2376 1808 2660 1883; x_wconf 78' lang='lat' dir='ltr'><strong>historia,</strong></span> 
     </span>
     <span class='ocr_line' id='line_1_15' title="bbox 709 1912 2660 1995; baseline -0.001 -21"><span class='ocrx_word' id='word_1_112' title='bbox 709 1934 894 1993; x_wconf 83' lang='lat' dir='ltr'><strong>quam</strong></span> <span class='ocrx_word' id='word_1_113' title='bbox 946 1934 983 1974; x_wconf 81' lang='lat' dir='ltr'><strong>a</strong></span> <span class='ocrx_word' id='word_1_114' title='bbox 1032 1913 1318 1975; x_wconf 76' lang='lat' dir='ltr'><strong>Cicerone</strong></span> <span class='ocrx_word' id='word_1_115' title='bbox 1366 1914 1771 1995; x_wconf 81' lang='lat' dir='ltr'><strong>flagitabatur.</strong></span> <span class='ocrx_word' id='word_1_116' title='bbox 1851 1915 2023 1975; x_wconf 85' lang='lat' dir='ltr'><strong>Idem</strong></span> <span class='ocrx_word' id='word_1_117' title='bbox 2059 1914 2290 1974; x_wconf 83' lang='lat' dir='ltr'><strong>Atticus</strong></span> <span class='ocrx_word' id='word_1_118' title='bbox 2321 1913 2399 1973; x_wconf 81' lang='lat' dir='ltr'><strong>ad</strong></span> <span class='ocrx_word' id='word_1_119' title='bbox 2432 1912 2660 1973; x_wconf 90' lang='lat' dir='ltr'><strong>Cicero·</strong></span> 
     </span>
     <span class='ocr_line' id='line_1_16' title="bbox 706 2011 2661 2093; baseline -0.004 -17"><span class='ocrx_word' id='word_1_120' title='bbox 706 2036 880 2091; x_wconf 87' lang='lat' dir='ltr'><strong>nem,</strong></span> <span class='ocrx_word' id='word_1_121' title='bbox 923 2016 1088 2076; x_wconf 88' lang='lat' dir='ltr'><strong>Brut.</strong></span> <span class='ocrx_word' id='word_1_122' title='bbox 1127 2018 1194 2092; x_wconf 84' lang='lat'><strong>5,</strong></span> <span class='ocrx_word' id='word_1_123' title='bbox 1240 2015 1346 2093; x_wconf 87' lang='lat'><strong>19,</strong></span> <span class='ocrx_word' id='word_1_124' title='bbox 1379 2020 1786 2078; x_wconf 72' lang='lat' dir='ltr'><strong>conticuerunt</strong></span> <span class='ocrx_word' id='word_1_125' title='bbox 1821 2029 1955 2078; x_wconf 74' lang='lat' dir='ltr'><strong>tuae</strong></span> <span class='ocrx_word' id='word_1_126' title='bbox 1988 2017 2228 2076; x_wconf 72' lang='lat' dir='ltr'><strong>literae:</strong></span> <span class='ocrx_word' id='word_1_127' title='bbox 2270 2014 2348 2075; x_wconf 79' lang='lat' dir='ltr'><strong>ad</strong></span> <span class='ocrx_word' id='word_1_128' title='bbox 2374 2014 2505 2075; x_wconf 81' lang='lat' dir='ltr'><strong>niv.</strong></span> <span class='ocrx_word' id='word_1_129' title='bbox 2534 2011 2661 2088; x_wconf 81' lang='lat' dir='ltr'><strong>XV,</strong></span> 
     </span>
     <span class='ocr_line' id='line_1_17' title="bbox 709 2117 2662 2197; baseline -0.001 -20"><span class='ocrx_word' id='word_1_130' title='bbox 709 2117 774 2195; x_wconf 98' lang='lat'><strong>4,</strong></span> <span class='ocrx_word' id='word_1_131' title='bbox 809 2117 915 2192; x_wconf 88' lang='lat'><strong>12,</strong></span> <span class='ocrx_word' id='word_1_132' title='bbox 944 2121 1014 2177; x_wconf 72' lang='lat' dir='ltr'><strong>in</strong></span> <span class='ocrx_word' id='word_1_133' title='bbox 1035 2120 1199 2178; x_wconf 84' lang='lat' dir='ltr'><strong>omni</strong></span> <span class='ocrx_word' id='word_1_134' title='bbox 1221 2122 1502 2180; x_wconf 75' lang='lat' dir='ltr'><strong>varietate</strong></span> <span class='ocrx_word' id='word_1_135' title='bbox 1530 2121 1838 2181; x_wconf 74' lang='lat' dir='ltr'><strong>literarum</strong></span> <span class='ocrx_word' id='word_1_136' title='bbox 1861 2142 2140 2181; x_wconf 69' lang='lat' dir='ltr'><strong>nicarum.</strong></span> <span class='ocrx_word' id='word_1_137' title='bbox 2222 2118 2393 2179; x_wconf 84' lang='lat' dir='ltr'><strong>Unde</strong></span> <span class='ocrx_word' id='word_1_138' title='bbox 2415 2124 2662 2197; x_wconf 77' lang='lat' dir='ltr'><strong>apparet</strong></span> 
     </span>
     <span class='ocr_line' id='line_1_18' title="bbox 704 2220 2663 2301; baseline -0.002 -19"><span class='ocrx_word' id='word_1_139' title='bbox 704 2242 821 2282; x_wconf 89' lang='lat' dir='ltr'><strong>nec</strong></span> <span class='ocrx_word' id='word_1_140' title='bbox 869 2222 1266 2282; x_wconf 85' lang='lat' dir='ltr'><strong>Goerenzium</strong></span> <span class='ocrx_word' id='word_1_141' title='bbox 1284 2268 1302 2298; x_wconf 90' lang='lat'>‚</span> <span class='ocrx_word' id='word_1_142' title='bbox 1345 2243 1459 2283; x_wconf 90' lang='lat' dir='ltr'><strong>nec</strong></span> <span class='ocrx_word' id='word_1_143' title='bbox 1508 2223 1801 2284; x_wconf 76' lang='lat' dir='ltr'><strong>Mosei-um</strong></span> <span class='ocrx_word' id='word_1_144' title='bbox 1853 2223 2219 2283; x_wconf 81' lang='lat' dir='ltr'><strong>intellexisse</strong></span> <span class='ocrx_word' id='word_1_145' title='bbox 2270 2220 2423 2301; x_wconf 88' lang='lat' dir='ltr'><strong>quid</strong></span> <span class='ocrx_word' id='word_1_146' title='bbox 2470 2226 2663 2280; x_wconf 85' lang='lat' dir='ltr'><strong>essent</strong></span> 
     </span>
     <span class='ocr_line' id='line_1_19' title="bbox 705 2323 2658 2404; baseline -0.001 -21"><span class='ocrx_word' id='word_1_147' title='bbox 705 2325 941 2384; x_wconf 72' lang='lat' dir='ltr'><strong>literae:</strong></span> <span class='ocrx_word' id='word_1_148' title='bbox 975 2323 1134 2385; x_wconf 81' lang='lat' dir='ltr'><strong>conf.</strong></span> <span class='ocrx_word' id='word_1_149' title='bbox 1163 2323 1424 2404; x_wconf 88' lang='lat' dir='ltr'><strong>Philipp.</strong></span> <span class='ocrx_word' id='word_1_150' title='bbox 1458 2326 1550 2401; x_wconf 87' lang='lat'><strong>11,</strong></span> <span class='ocrx_word' id='word_1_151' title='bbox 1587 2325 1653 2403; x_wconf 88' lang='lat'><strong>8,</strong></span> <span class='ocrx_word' id='word_1_152' title='bbox 1681 2326 1782 2387; x_wconf 88' lang='grc'><strong>20.</strong></span> <span class='ocrx_word' id='word_1_153' title='bbox 1864 2327 1939 2386; x_wconf 92' lang='lat' dir='ltr'><strong>In</strong></span> <span class='ocrx_word' id='word_1_154' title='bbox 1968 2326 2095 2386; x_wconf 85' lang='lat' dir='ltr'><strong>Fin.</strong></span> <span class='ocrx_word' id='word_1_155' title='bbox 2124 2326 2180 2401; x_wconf 90' lang='lat'><strong>1,</strong></span> <span class='ocrx_word' id='word_1_156' title='bbox 2210 2324 2276 2401; x_wconf 88' lang='lat'><strong>4,</strong></span> <span class='ocrx_word' id='word_1_157' title='bbox 2300 2324 2407 2399; x_wconf 87' lang='lat'><strong>12,</strong></span> <span class='ocrx_word' id='word_1_158' title='bbox 2438 2324 2658 2397; x_wconf 70' lang='lat' dir='ltr'><strong>literis,</strong></span> 
     </span>
     <span class='ocr_line' id='line_1_20' title="bbox 700 2424 2666 2506; baseline -0.001 -20"><span class='ocrx_word' id='word_1_159' title='bbox 700 2446 847 2506; x_wconf 82' lang='lat' dir='ltr'><strong>prae</strong></span> <span class='ocrx_word' id='word_1_160' title='bbox 892 2425 1080 2488; x_wconf 77' lang='lat' dir='ltr'><strong>altera</strong></span> <span class='ocrx_word' id='word_1_161' title='bbox 1122 2425 1381 2488; x_wconf 88' lang='lat' dir='ltr'><strong>lectione</strong></span> <span class='ocrx_word' id='word_1_162' title='bbox 1418 2428 1591 2488; x_wconf 75' lang='lat' dir='ltr'><strong>libris</strong></span> <span class='ocrx_word' id='word_1_163' title='bbox 1607 2473 1626 2503; x_wconf 90' lang='lat'>‚</span> <span class='ocrx_word' id='word_1_164' title='bbox 1666 2427 1998 2506; x_wconf 73' lang='lat' dir='ltr'><strong>Madvigius</strong></span> <span class='ocrx_word' id='word_1_165' title='bbox 2023 2424 2355 2487; x_wconf 81' lang='lat' dir='ltr'><strong>defendere</strong></span> <span class='ocrx_word' id='word_1_166' title='bbox 2387 2432 2666 2504; x_wconf 82' lang='lat' dir='ltr'><strong>potuerat</strong></span> 
     </span>
     <span class='ocr_line' id='line_1_21' title="bbox 705 2527 2662 2612; baseline -0.002 -21"><span class='ocrx_word' id='word_1_167' title='bbox 705 2552 741 2591; x_wconf 90' lang='lat' dir='ltr'><strong>e</strong></span> <span class='ocrx_word' id='word_1_168' title='bbox 784 2530 968 2590; x_wconf 87' lang='lat' dir='ltr'><strong>Bruto</strong></span> <span class='ocrx_word' id='word_1_169' title='bbox 1007 2530 1045 2590; x_wconf 84' lang='lat'><strong>3</strong></span> <span class='ocrx_word' id='word_1_170' title='bbox 1065 2578 1085 2607; x_wconf 91' lang='lat'><strong>,</strong></span> <span class='ocrx_word' id='word_1_171' title='bbox 1131 2531 1232 2591; x_wconf 86' lang='lat'><strong>13:</strong></span> <span class='ocrx_word' id='word_1_172' title='bbox 1276 2532 1482 2612; x_wconf 83' lang='lat' dir='ltr'><strong>itaque</strong></span> <span class='ocrx_word' id='word_1_173' title='bbox 1516 2553 1725 2592; x_wconf 87' lang='lat' dir='ltr'><strong>rursus</strong></span> <span class='ocrx_word' id='word_1_174' title='bbox 1764 2532 2025 2612; x_wconf 82' lang='lat' dir='ltr'><strong>appellat</strong></span> <span class='ocrx_word' id='word_1_175' title='bbox 2057 2532 2258 2590; x_wconf 74' lang='lat' dir='ltr'><strong>literas</strong></span> <span class='ocrx_word' id='word_1_176' title='bbox 2285 2542 2543 2604; x_wconf 71' lang='lat' dir='ltr'><strong>noctu-m,</strong></span> <span class='ocrx_word' id='word_1_177' title='bbox 2582 2527 2662 2589; x_wconf 82' lang='lat' dir='ltr'><strong>ad</strong></span> 
     </span>
     <span class='ocr_line' id='line_1_22' title="bbox 702 2632 2663 2714; baseline 0.001 -22"><span class='ocrx_word' id='word_1_178' title='bbox 702 2632 836 2694; x_wconf 77' lang='lat' dir='ltr'><strong>niv.</strong></span> <span class='ocrx_word' id='word_1_179' title='bbox 867 2634 951 2709; x_wconf 82' lang='lat' dir='ltr'><strong>V,</strong></span> <span class='ocrx_word' id='word_1_180' title='bbox 997 2633 1072 2695; x_wconf 81' lang='lat'><strong>19</strong></span> <span class='ocrx_word' id='word_1_181' title='bbox 1088 2680 1109 2711; x_wconf 91' lang='lat'><strong>,</strong></span> <span class='ocrx_word' id='word_1_182' title='bbox 1149 2634 1225 2711; x_wconf 92' lang='lat'><strong>2,</strong></span> <span class='ocrx_word' id='word_1_183' title='bbox 1266 2634 1612 2714; x_wconf 85' lang='lat' dir='ltr'><strong>intelligens</strong></span> <span class='ocrx_word' id='word_1_184' title='bbox 1643 2635 1828 2696; x_wconf 87' lang='lat' dir='ltr'><strong>libros</strong></span> <span class='ocrx_word' id='word_1_185' title='bbox 1862 2655 2014 2714; x_wconf 82' lang='lat' dir='ltr'><strong>quos</strong></span> <span class='ocrx_word' id='word_1_186' title='bbox 2038 2635 2104 2693; x_wconf 92' lang='lat' dir='ltr'><strong>in</strong></span> <span class='ocrx_word' id='word_1_187' title='bbox 2140 2653 2274 2693; x_wconf 77' lang='lat' dir='ltr'><strong>eam</strong></span> <span class='ocrx_word' id='word_1_188' title='bbox 2306 2633 2663 2693; x_wconf 76' lang='lat' dir='ltr'><strong>sententiam</strong></span> 
     </span>
     <span class='ocr_line' id='line_1_23' title="bbox 703 2734 2661 2817; baseline 0 -22"><span class='ocrx_word' id='word_1_189' title='bbox 703 2737 1035 2815; x_wconf 81' lang='lat' dir='ltr'><strong>scripserat.</strong></span> <span class='ocrx_word' id='word_1_190' title='bbox 1117 2736 1298 2797; x_wconf 73' lang='lat' dir='ltr'><strong>Plura</strong></span> <span class='ocrx_word' id='word_1_191' title='bbox 1348 2739 1644 2817; x_wconf 81' lang='lat' dir='ltr'><strong>congessit</strong></span> <span class='ocrx_word' id='word_1_192' title='bbox 1693 2738 1951 2798; x_wconf 74' lang='lat' dir='ltr'><strong>Moserus</strong></span> <span class='ocrx_word' id='word_1_193' title='bbox 1994 2736 2071 2798; x_wconf 80' lang='lat' dir='ltr'><strong>ad</strong></span> <span class='ocrx_word' id='word_1_194' title='bbox 2102 2736 2302 2796; x_wconf 82' lang='lat' dir='ltr'><strong>Divin.</strong></span> <span class='ocrx_word' id='word_1_195' title='bbox 2337 2736 2400 2795; x_wconf 89' lang='grc' dir='ltr'><strong>ΙΙ</strong></span> <span class='ocrx_word' id='word_1_196' title='bbox 2417 2782 2437 2812; x_wconf 92' lang='grc'>,</span> <span class='ocrx_word' id='word_1_197' title='bbox 2478 2734 2542 2813; x_wconf 90' lang='grc'><strong>2,</strong></span> <span class='ocrx_word' id='word_1_198' title='bbox 2590 2738 2661 2812; x_wconf 87' lang='lat'><strong>5,</strong></span> 
     </span>
     <span class='ocr_line' id='line_1_24' title="bbox 703 2839 2663 2918; baseline 0 -19"><span class='ocrx_word' id='word_1_199' title='bbox 703 2859 889 2918; x_wconf 84' lang='lat' dir='ltr'><strong>quem</strong></span> <span class='ocrx_word' id='word_1_200' title='bbox 919 2840 1120 2901; x_wconf 87' lang='lat' dir='ltr'><strong>locum</strong></span> <span class='ocrx_word' id='word_1_201' title='bbox 1148 2841 1226 2900; x_wconf 85' lang='lat' dir='ltr'><strong>ad</strong></span> <span class='ocrx_word' id='word_1_202' title='bbox 1255 2841 1433 2902; x_wconf 87' lang='lat' dir='ltr'><strong>illum</strong></span> <span class='ocrx_word' id='word_1_203' title='bbox 1459 2840 1537 2901; x_wconf 91' lang='lat' dir='ltr'><strong>de</strong></span> <span class='ocrx_word' id='word_1_204' title='bbox 1574 2841 1703 2902; x_wconf 85' lang='lat' dir='ltr'><strong>Fin.</strong></span> <span class='ocrx_word' id='word_1_205' title='bbox 1732 2841 2014 2901; x_wconf 78' lang='lat' dir='ltr'><strong>adhibuit</strong></span> <span class='ocrx_word' id='word_1_206' title='bbox 2048 2839 2414 2917; x_wconf 69' lang='lat' dir='ltr'><strong>Madvigius,</strong></span> <span class='ocrx_word' id='word_1_207' title='bbox 2453 2859 2663 2918; x_wconf 79' lang='lat' dir='ltr'><strong>quern·</strong></span> 
     </span>
     <span class='ocr_line' id='line_1_25' title="bbox 703 2938 2664 3022; baseline -0.001 -23"><span class='ocrx_word' id='word_1_208' title='bbox 703 2960 825 3020; x_wconf 90' lang='lat' dir='ltr'><strong>que</strong></span> <span class='ocrx_word' id='word_1_209' title='bbox 874 2949 1038 3001; x_wconf 78' lang='lat' dir='ltr'><strong>tanto</strong></span> <span class='ocrx_word' id='word_1_210' title='bbox 1081 2942 1284 3001; x_wconf 86' lang='lat' dir='ltr'><strong>minus</strong></span> <span class='ocrx_word' id='word_1_211' title='bbox 1327 2940 1638 3001; x_wconf 86' lang='lat' dir='ltr'><strong>sollicitari</strong></span> <span class='ocrx_word' id='word_1_212' title='bbox 1668 2942 1979 3022; x_wconf 81' lang='lat' dir='ltr'><strong>oportebat</strong></span> <span class='ocrx_word' id='word_1_213' title='bbox 2010 2962 2045 3002; x_wconf 85' lang='lat' dir='ltr'>a</span> <span class='ocrx_word' id='word_1_214' title='bbox 2075 2941 2298 3002; x_wconf 75' lang='lat' dir='ltr'><strong>mosem</strong></span> <span class='ocrx_word' id='word_1_215' title='bbox 2313 2986 2332 3017; x_wconf 90' lang='lat'><em>‚</em></span> <span class='ocrx_word' id='word_1_216' title='bbox 2372 2938 2540 3020; x_wconf 86' lang='lat' dir='ltr'><strong>quod</strong></span> <span class='ocrx_word' id='word_1_217' title='bbox 2555 2985 2574 3016; x_wconf 89' lang='lat'><strong>,</strong></span> <span class='ocrx_word' id='word_1_218' title='bbox 2611 2941 2664 2999; x_wconf 86' lang='lat' dir='ltr'><strong>si</strong></span> 
     </span>
     <span class='ocr_line' id='line_1_26' title="bbox 708 3042 2663 3126; baseline -0.001 -22"><span class='ocrx_word' id='word_1_219' title='bbox 708 3044 954 3104; x_wconf 69' lang='lat' dir='ltr'><strong>Graecis</strong></span> <span class='ocrx_word' id='word_1_220' title='bbox 986 3044 1055 3102; x_wconf 76' lang='lat' dir='ltr'><strong>de</strong></span> <span class='ocrx_word' id='word_1_221' title='bbox 1080 3045 1458 3126; x_wconf 74' lang='lat' dir='ltr'><strong>philosophia</strong></span> <span class='ocrx_word' id='word_1_222' title='bbox 1495 3045 1668 3105; x_wconf 70' lang='lat' dir='ltr'><strong>libris</strong></span> <span class='ocrx_word' id='word_1_223' title='bbox 1703 3045 2028 3124; x_wconf 82' lang='lat' dir='ltr'><strong>scripsisset</strong></span> <span class='ocrx_word' id='word_1_224' title='bbox 2064 3044 2274 3106; x_wconf 86' lang='lat' dir='ltr'><strong>Cicero</strong></span> <span class='ocrx_word' id='word_1_225' title='bbox 2289 3089 2309 3120; x_wconf 90' lang='lat'><strong>,</strong></span> <span class='ocrx_word' id='word_1_226' title='bbox 2350 3064 2473 3105; x_wconf 90' lang='lat' dir='ltr'><strong>non</strong></span> <span class='ocrx_word' id='word_1_227' title='bbox 2507 3042 2663 3103; x_wconf 87' lang='lat' dir='ltr'><strong>indi-</strong></span> 
     </span>
     <span class='ocr_line' id='line_1_27' title="bbox 702 3145 2665 3227; baseline 0.001 -22"><span class='ocrx_word' id='word_1_228' title='bbox 702 3146 952 3207; x_wconf 78' lang='lat' dir='ltr'><strong>cavisset</strong></span> <span class='ocrx_word' id='word_1_229' title='bbox 1003 3146 1068 3205; x_wconf 89' lang='lat' dir='ltr'><strong>id</strong></span> <span class='ocrx_word' id='word_1_230' title='bbox 1083 3192 1102 3222; x_wconf 90' lang='lat'><em>‚</em></span> <span class='ocrx_word' id='word_1_231' title='bbox 1153 3145 1320 3226; x_wconf 87' lang='lat' dir='ltr'><strong>quod</strong></span> <span class='ocrx_word' id='word_1_232' title='bbox 1363 3147 1788 3227; x_wconf 84' lang='lat' dir='ltr'><strong>requirebatur</strong></span> <span class='ocrx_word' id='word_1_233' title='bbox 1804 3193 1823 3223; x_wconf 90' lang='lat'><em>‚</em></span> <span class='ocrx_word' id='word_1_234' title='bbox 1865 3155 1935 3207; x_wconf 92' lang='lat' dir='ltr'><strong>ut</strong></span> <span class='ocrx_word' id='word_1_235' title='bbox 1968 3156 2163 3208; x_wconf 87' lang='lat' dir='ltr'><strong>totum</strong></span> <span class='ocrx_word' id='word_1_236' title='bbox 2195 3166 2387 3226; x_wconf 86' lang='lat' dir='ltr'><strong>genus</strong></span> <span class='ocrx_word' id='word_1_237' title='bbox 2420 3146 2665 3207; x_wconf 78' lang='lat' dir='ltr'><strong>illarum</strong></span> 
     </span>
     <span class='ocr_line' id='line_1_28' title="bbox 697 3249 2666 3328; baseline 0.001 -20"><span class='ocrx_word' id='word_1_238' title='bbox 697 3249 1013 3310; x_wconf 84' lang='lat' dir='ltr'><strong>literarum</strong></span> <span class='ocrx_word' id='word_1_239' title='bbox 1064 3249 1587 3328; x_wconf 88' lang='lat' dir='ltr'><strong>complecteretur.</strong></span> <span class='ocrx_word' id='word_1_240' title='bbox 1688 3250 1860 3311; x_wconf 87' lang='lat' dir='ltr'><strong>Alter</strong></span> <span class='ocrx_word' id='word_1_241' title='bbox 1907 3250 2232 3311; x_wconf 78' lang='lat' dir='ltr'><strong>verborum</strong></span> <span class='ocrx_word' id='word_1_242' title='bbox 2277 3250 2427 3312; x_wconf 87' lang='lat' dir='ltr'><strong>ordo</strong></span> <span class='ocrx_word' id='word_1_243' title='bbox 2471 3250 2666 3311; x_wconf 73' lang='lat' dir='ltr'><strong>bonae</strong></span> 
     </span>
     <span class='ocr_line' id='line_1_29' title="bbox 699 3352 2665 3434; baseline 0 -22"><span class='ocrx_word' id='word_1_244' title='bbox 699 3352 1007 3413; x_wconf 83' lang='lat' dir='ltr'><strong>Latinitati</strong></span> <span class='ocrx_word' id='word_1_245' title='bbox 1041 3352 1167 3410; x_wconf 80' lang='lat' dir='ltr'><strong>vim</strong></span> <span class='ocrx_word' id='word_1_246' title='bbox 1200 3352 1479 3432; x_wconf 69' lang='lat' dir='ltr'><strong>inferret,</strong></span> <span class='ocrx_word' id='word_1_247' title='bbox 1535 3354 1589 3413; x_wconf 88' lang='lat' dir='ltr'><strong>si</strong></span> <span class='ocrx_word' id='word_1_248' title='bbox 1621 3354 1872 3434; x_wconf 87' lang='lat' dir='ltr'><strong>quidem</strong></span> <span class='ocrx_word' id='word_1_249' title='bbox 1906 3375 2032 3416; x_wconf 90' lang='lat' dir='ltr'><strong>non</strong></span> <span class='ocrx_word' id='word_1_250' title='bbox 2064 3354 2293 3414; x_wconf 88' lang='lat' dir='ltr'><strong>dicitur</strong></span> <span class='ocrx_word' id='word_1_251' title='bbox 2320 3354 2538 3414; x_wconf 68' lang='lat' dir='ltr'><strong>studiis</strong></span> <span class='ocrx_word' id='word_1_252' title='bbox 2571 3353 2665 3412; x_wconf 75' lang='lat' dir='ltr'><strong>de-</strong></span> 
     </span>
     <span class='ocr_line' id='line_1_30' title="bbox 705 3455 2664 3536; baseline 0 -20"><span class='ocrx_word' id='word_1_253' title='bbox 705 3455 912 3516; x_wconf 74' lang='lat' dir='ltr'><strong>lectori</strong></span> <span class='ocrx_word' id='word_1_254' title='bbox 929 3501 946 3530; x_wconf 93' lang='lat'><strong>,</strong></span> <span class='ocrx_word' id='word_1_255' title='bbox 987 3475 1111 3515; x_wconf 90' lang='lat' dir='ltr'><strong>non</strong></span> <span class='ocrx_word' id='word_1_256' title='bbox 1154 3455 1421 3518; x_wconf 84' lang='lat' dir='ltr'><strong>indicato</strong></span> <span class='ocrx_word' id='word_1_257' title='bbox 1464 3458 1640 3518; x_wconf 89' lang='lat' dir='ltr'><strong>cuius</strong></span> <span class='ocrx_word' id='word_1_258' title='bbox 1677 3458 1804 3535; x_wconf 90' lang='lat' dir='ltr'><strong>rei,</strong></span> <span class='ocrx_word' id='word_1_259' title='bbox 1845 3466 1952 3519; x_wconf 76' lang='lat' dir='ltr'><strong>aut</strong></span> <span class='ocrx_word' id='word_1_260' title='bbox 1986 3478 2059 3519; x_wconf 91' lang='lat' dir='ltr'><strong>eo</strong></span> <span class='ocrx_word' id='word_1_261' title='bbox 2094 3456 2365 3533; x_wconf 77' lang='lat' dir='ltr'><strong>adiecto,</strong></span> <span class='ocrx_word' id='word_1_262' title='bbox 2404 3475 2528 3536; x_wconf 89' lang='lat' dir='ltr'><strong>quo</strong></span> <span class='ocrx_word' id='word_1_263' title='bbox 2564 3474 2664 3535; x_wconf 80' lang='lat' dir='ltr'><strong>ge·</strong></span> 
     </span>
     <span class='ocr_line' id='line_1_31' title="bbox 704 3558 2668 3643; baseline 0.002 -25"><span class='ocrx_word' id='word_1_264' title='bbox 704 3579 822 3618; x_wconf 86' lang='lat' dir='ltr'><strong>nus</strong></span> <span class='ocrx_word' id='word_1_265' title='bbox 852 3558 1189 3636; x_wconf 87' lang='lat' dir='ltr'><strong>indicetur,</strong></span> <span class='ocrx_word' id='word_1_266' title='bbox 1228 3561 1384 3621; x_wconf 87' lang='lat' dir='ltr'><strong>sicut</strong></span> <span class='ocrx_word' id='word_1_267' title='bbox 1409 3561 1537 3622; x_wconf 87' lang='lat' dir='ltr'><strong>Fin.</strong></span> <span class='ocrx_word' id='word_1_268' title='bbox 1571 3559 1651 3638; x_wconf 86' lang='lat' dir='ltr'><strong>V,</strong></span> <span class='ocrx_word' id='word_1_269' title='bbox 1697 3561 1801 3638; x_wconf 87' lang='lat'><strong>18,</strong></span> <span class='ocrx_word' id='word_1_270' title='bbox 1843 3561 1955 3638; x_wconf 90' lang='lat'><strong>48,</strong></span> <span class='ocrx_word' id='word_1_271' title='bbox 1996 3564 2106 3642; x_wconf 77' lang='lat' dir='ltr'><strong>qui</strong></span> <span class='ocrx_word' id='word_1_272' title='bbox 2133 3562 2415 3643; x_wconf 72' lang='lat' dir='ltr'><strong>ingenuis</strong></span> <span class='ocrx_word' id='word_1_273' title='bbox 2446 3559 2668 3621; x_wconf 65' lang='lat' dir='ltr'><strong>studiis</strong></span> 
     </span>
     <span class='ocr_line' id='line_1_32' title="bbox 709 3662 2665 3746; baseline 0.001 -24"><span class='ocrx_word' id='word_1_274' title='bbox 709 3673 884 3742; x_wconf 67' lang='lat' dir='ltr'><strong>atque</strong></span> <span class='ocrx_word' id='word_1_275' title='bbox 910 3662 1138 3722; x_wconf 71' lang='lat' dir='ltr'><strong>onibus</strong></span> <span class='ocrx_word' id='word_1_276' title='bbox 1162 3664 1550 3726; x_wconf 73' lang='lat' dir='ltr'><strong>delectantur.-</strong></span> <span class='ocrx_word' id='word_1_277' title='bbox 1590 3672 1652 3725; x_wconf 88' lang='lat' dir='ltr'><strong>et</strong></span> <span class='ocrx_word' id='word_1_278' title='bbox 1681 3666 1845 3726; x_wconf 81' lang='lat' dir='ltr'><strong>Orat.</strong></span> <span class='ocrx_word' id='word_1_279' title='bbox 1875 3665 1945 3743; x_wconf 88' lang='grc'><strong>2,</strong></span> <span class='ocrx_word' id='word_1_280' title='bbox 1983 3666 2116 3725; x_wconf 91' lang='lat' dir='ltr'><strong>init.</strong></span> <span class='ocrx_word' id='word_1_281' title='bbox 2131 3710 2151 3741; x_wconf 88' lang='lat'><strong>,</strong></span> <span class='ocrx_word' id='word_1_282' title='bbox 2186 3667 2408 3746; x_wconf 74' lang='lat' dir='ltr'><strong>optima</strong></span> <span class='ocrx_word' id='word_1_283' title='bbox 2434 3664 2665 3739; x_wconf 60' lang='lat' dir='ltr'><strong>dudio,</strong></span> 
     </span>
     <span class='ocr_line' id='line_1_33' title="bbox 709 3767 2667 3850; baseline 0.002 -25"><span class='ocrx_word' id='word_1_284' title='bbox 709 3784 867 3845; x_wconf 79' lang='lat' dir='ltr'><strong>quae</strong></span> <span class='ocrx_word' id='word_1_285' title='bbox 900 3773 1288 3845; x_wconf 88' lang='lat' dir='ltr'><strong>opponuntur</strong></span> <span class='ocrx_word' id='word_1_286' title='bbox 1318 3769 1594 3850; x_wconf 66' lang='lat' dir='ltr'><strong>opificum</strong></span> <span class='ocrx_word' id='word_1_287' title='bbox 1627 3771 1874 3831; x_wconf 68' lang='lat' dir='ltr'><strong>onibus.</strong></span> <span class='ocrx_word' id='word_1_288' title='bbox 1956 3769 2054 3829; x_wconf 81' lang='lat' dir='ltr'><strong>Est</strong></span> <span class='ocrx_word' id='word_1_289' title='bbox 2084 3769 2200 3830; x_wconf 90' lang='lat' dir='ltr'><strong>hoc</strong></span> <span class='ocrx_word' id='word_1_290' title='bbox 2235 3789 2311 3828; x_wconf 82' lang='lat' dir='ltr'><strong>ex</strong></span> <span class='ocrx_word' id='word_1_291' title='bbox 2340 3767 2667 3828; x_wconf 76' lang='lat' dir='ltr'><strong>inclinatae</strong></span> 
     </span>
     <span class='ocr_line' id='line_1_34' title="bbox 707 3869 2670 3953; baseline -0.001 -22"><span class='ocrx_word' id='word_1_292' title='bbox 707 3869 1042 3931; x_wconf 78' lang='lat' dir='ltr'><strong>Latinitatis</strong></span> <span class='ocrx_word' id='word_1_293' title='bbox 1064 3873 1531 3948; x_wconf 86' lang='lat' dir='ltr'><strong>consuetudine,</strong></span> <span class='ocrx_word' id='word_1_294' title='bbox 1569 3882 1638 3933; x_wconf 88' lang='lat' dir='ltr'><strong>ut</strong></span> <span class='ocrx_word' id='word_1_295' title='bbox 1666 3874 1866 3934; x_wconf 74' lang='lat' dir='ltr'><strong>studia</strong></span> <span class='ocrx_word' id='word_1_296' title='bbox 1892 3881 2194 3952; x_wconf 82' lang='lat' dir='ltr'><strong>ponantur</strong></span> <span class='ocrx_word' id='word_1_297' title='bbox 2223 3893 2335 3953; x_wconf 90' lang='lat' dir='ltr'><strong>pro</strong></span> <span class='ocrx_word' id='word_1_298' title='bbox 2351 3873 2571 3948; x_wconf 74' lang='lat' dir='ltr'><strong>literis,</strong></span> <span class='ocrx_word' id='word_1_299' title='bbox 2596 3880 2670 3933; x_wconf 85' lang='lat' dir='ltr'><strong>ut</strong></span> 
     </span>
     <span class='ocr_line' id='line_1_35' title="bbox 710 3971 2669 4055; baseline 0.001 -24"><span class='ocrx_word' id='word_1_300' title='bbox 710 3971 856 4032; x_wconf 80' lang='lat' dir='ltr'><strong>fecit</strong></span> <span class='ocrx_word' id='word_1_301' title='bbox 888 3973 1041 4033; x_wconf 89' lang='lat' dir='ltr'><strong>Plin.</strong></span> <span class='ocrx_word' id='word_1_302' title='bbox 1070 3974 1218 4054; x_wconf 85' lang='lat' dir='ltr'><strong>Epp.</strong></span> <span class='ocrx_word' id='word_1_303' title='bbox 1242 3974 1363 4051; x_wconf 86' lang='lat'><strong>111,</strong></span> <span class='ocrx_word' id='word_1_304' title='bbox 1410 3975 1513 4053; x_wconf 90' lang='lat'><strong>18,</strong></span> <span class='ocrx_word' id='word_1_305' title='bbox 1557 3979 1623 4036; x_wconf 81' lang='lat'><strong>5:</strong></span> <span class='ocrx_word' id='word_1_306' title='bbox 1667 3984 1730 4036; x_wconf 90' lang='lat' dir='ltr'><strong>et</strong></span> <span class='ocrx_word' id='word_1_307' title='bbox 1759 3977 2014 4053; x_wconf 66' lang='lat' dir='ltr'><strong>studere,</strong></span> <span class='ocrx_word' id='word_1_308' title='bbox 2054 3996 2166 4055; x_wconf 87' lang='lat' dir='ltr'><strong>pro</strong></span> <span class='ocrx_word' id='word_1_309' title='bbox 2194 3977 2384 4036; x_wconf 72' lang='lat' dir='ltr'><strong>literis</strong></span> <span class='ocrx_word' id='word_1_310' title='bbox 2411 3975 2669 4050; x_wconf 72' lang='lat' dir='ltr'><strong>studere,</strong></span> 
     </span>
     <span class='ocr_line' id='line_1_36' title="bbox 711 4073 2731 4162; baseline 0.001 -26"><span class='ocrx_word' id='word_1_311' title='bbox 711 4073 1190 4162; x_wconf 74' lang='lat' dir='ltr'><strong>animadversum</strong></span> <span class='ocrx_word' id='word_1_312' title='bbox 1241 4078 1441 4141; x_wconf 88' lang='lat' dir='ltr'><strong>Cortio</strong></span> <span class='ocrx_word' id='word_1_313' title='bbox 1487 4079 1567 4141; x_wconf 80' lang='lat' dir='ltr'><strong>ad</strong></span> <span class='ocrx_word' id='word_1_314' title='bbox 1599 4080 1810 4143; x_wconf 75' lang='lat' dir='ltr'><strong>Salust.</strong></span> <span class='ocrx_word' id='word_1_315' title='bbox 1848 4080 2017 4143; x_wconf 81' lang='lat' dir='ltr'><strong>Catil.</strong></span> <span class='ocrx_word' id='word_1_316' title='bbox 2054 4080 2165 4156; x_wconf 88' lang='lat' dir='ltr'><strong>LI,</strong></span> <span class='ocrx_word' id='word_1_317' title='bbox 2215 4079 2289 4140; x_wconf 78' lang='lat'><strong>13</strong></span> <span class='ocrx_word' id='word_1_318' title='bbox 2309 4126 2328 4157; x_wconf 91' lang='lat'>‚</span> <span class='ocrx_word' id='word_1_319' title='bbox 2369 4078 2474 4142; x_wconf 88' lang='lat' dir='ltr'><strong>fin.</strong></span> <span class='ocrx_word' id='word_1_320' title='bbox 2506 4076 2670 4139; x_wconf 77' lang='lat' dir='ltr'><strong>conf.</strong></span> <span class='ocrx_word' id='word_1_321' title='bbox 2724 4109 2731 4112; x_wconf 84' lang='lat'>-</span> 
     </span>
    </p>
   </div>
  </div>
 </body>
</html>
