3131 5032
1205 457 1347 523 Lm.
1395 457 1465 539 1,
1512 459 1589 540 2,
1639 454 1701 522 7.
2299 451 2426 519 287

477 672 788 731 elationem
838 666 900 726 ei
951 663 1167 723 tribuit
1214 661 1554 722 Victoriana
1608 660 1786 720 lectio
1802 705 1822 737 ‚
1881 659 2019 721 ideo
2054 659 2436 739 probandum

475 794 601 834 non
650 779 741 832 est
754 816 775 847 ‚
831 766 1001 847 quod
1051 767 1228 826 elatio
1270 765 1337 825 in
1372 765 1599 825 virtute
1632 763 1915 843 ponitur,
1955 763 2112 823 sicut
2142 763 2210 821 in
2241 762 2437 822 Theo-

476 896 733 957 pompo,
791 872 958 932 Brut.
1019 870 1125 947 17,
1175 869 1276 931 66.
1373 868 1542 928 Nihil
1587 888 1697 928 nos
1742 869 2032 928 adiuvant
2079 866 2252 925 libri:
2295 885 2437 926 nam

479 982 642 1042 datio
661 1026 680 1057 ‚
736 975 904 1037 unde
953 974 1132 1033 elatio
1185 971 1545 1033 effinxerunt
1578 972 1683 1031 alii
1696 1018 1716 1048 ,
1756 980 1819 1031 et
1854 973 2051 1051 ipsum
2083 979 2439 1048 corruptum

478 1092 569 1145 est
583 1129 602 1159 ‚
660 1098 864 1159 neque
928 1077 1118 1137 oratio
1135 1121 1153 1151 ‚
1212 1072 1378 1153 quod
1439 1072 1625 1132 habet
1683 1072 1922 1151 Lagom.
1990 1071 2071 1132 96
2128 1070 2442 1152 (quodque

477 1184 720 1264 neglexi
753 1189 961 1241 notare
993 1180 1061 1239 in
1093 1177 1314 1238 Variet.
1348 1175 1539 1258 Lect.)
1573 1173 1987 1235 difficultatem
2020 1173 2199 1234 tollit.
2280 1174 2442 1248 Qua-

479 1296 727 1368 propter
756 1283 912 1344 mihi
945 1282 1190 1345 videtur
1222 1279 1532 1341 audaciori
1571 1280 1919 1341 coniectura
1951 1299 2102 1358 opus
2128 1298 2256 1337 esse
2290 1278 2440 1337 hac:

479 1393 550 1451 in
617 1388 986 1449 orationibus
1045 1396 1242 1446 autem
1307 1384 1525 1444 multus
1576 1395 1634 1444 et
1682 1385 1918 1463 ineptus
1985 1394 2103 1459 est,
2163 1381 2449 1441 clamator

480 1514 708 1554 summa
774 1489 1163 1571 impudentia.
1244 1487 1522 1547 Severius
1569 1486 1766 1547 multo
1812 1493 1900 1547 est
1944 1486 2063 1545 hoc
2108 1483 2410 1543 iudicium
2427 1528 2446 1558 ,

483 1616 668 1677 quam
710 1592 898 1673 ipsius
947 1590 1251 1651 Ciceronis
1277 1589 1346 1648 in
1379 1588 1547 1649 Brut.
1583 1590 1664 1651 67
1684 1634 1702 1665 ‚
1743 1587 1899 1649 238:
1939 1586 2045 1646 sed
2077 1607 2201 1647 non
2235 1586 2303 1645 in
2331 1586 2450 1645 hoe

484 1719 612 1761 uno
644 1718 680 1759 a
707 1697 904 1757 Tullio
937 1695 1250 1754 dissentire
1278 1693 1547 1753 Atticum
1579 1693 1719 1752 satis
1746 1693 2056 1752 novimus:
2100 1689 2260 1750 conf.
2296 1687 2446 1749 ibid.

483 1803 528 1888 ς
560 1803 680 1864 244
715 1809 779 1863 et
802 1800 926 1862 292
958 1818 1087 1878 sqq.
1116 1831 1198 1843 —
1228 1797 1428 1859 Restat
1462 1804 1533 1856 ut
1564 1797 1921 1874 castigemus
1953 1793 2300 1868 Emonam,
2337 1793 2447 1871 qui

481 1907 775 1968 cruditam
807 1904 1160 1964 Graecorum
1188 1903 1420 1982 copiam
1446 1900 1879 1978 interpretatur
1913 1898 2114 1977 copias
2148 1893 2448 1956 librorum

484 2009 850 2071 Graecorum
899 2005 1287 2084 optimorum.
1367 2001 1501 2062 Imo
1551 1999 1843 2060 sermonis
1893 2005 1955 2058 et
1994 1996 2241 2057 dicendi
2275 1996 2451 2075 eopia

483 2111 845 2190 intelligitur
861 2154 880 2185 ‚
913 2108 1018 2168 cui
1046 2105 1374 2186 opponitur
1404 2111 1727 2183 angustum
1753 2100 2038 2164 orationis
2064 2119 2256 2180 genus
2271 2145 2290 2175 ‚
2327 2118 2451 2177 quo

481 2214 779 2277 librarioli
813 2210 1011 2272 Latini
1044 2209 1390 2270 utebantur.

568 2318 830 2379 &saum
879 2316 1011 2374 eius
1064 2306 1319 2390 amicus)
1398 2307 1799 2368 Certissimam
1841 2325 1966 2366 esse
2014 2312 2163 2385 puto
2206 2302 2454 2364 Corradi

485 2419 958 2491 correctionem,
998 2434 1161 2473 meus
1195 2413 1456 2486 amicus,
1496 2409 1637 2471 coll.
1674 2408 1841 2468 Brut.
1877 2408 1994 2483 75,
2034 2406 2174 2469 260.
2214 2404 2317 2465 fin.

570 2544 765 2584 omnes
795 2521 987 2582 adhuc
1018 2529 1245 2577 nostros
1281 2515 1592 2594 temptores
1626 2545 1708 2557 —
1737 2506 2062 2592 superavit)
2142 2507 2315 2569 Cadit
2343 2508 2448 2568 hic

486 2627 654 2689 locus
684 2627 752 2685 in
781 2644 916 2684 eam
947 2619 1489 2682 considerationem
1504 2662 1524 2693 ,
1563 2635 1688 2695 qua
1731 2634 1909 2675 usum
1941 2613 2077 2674 adv.
2113 2612 2304 2672 adhuc
2340 2632 2451 2671 ex-

483 2732 684 2811 plorat
730 2727 1060 2805 Madvigius
1109 2724 1189 2784 ad
1236 2722 1365 2782 Fin.
1416 2719 1467 2777 V
1482 2764 1503 2795 ‚
1559 2719 1636 2794 6,
1682 2717 1776 2778 16.
1856 2716 2009 2776 Nam
2045 2716 2162 2775 hoc
2197 2714 2449 2794 quidem

489 2834 625 2895 loco
657 2831 996 2911 perfectum
1029 2828 1331 2908 superavit
1365 2822 1757 2903 grammatice
1788 2819 2042 2899 quidem
2073 2817 2339 2878 refertur
2370 2816 2449 2877 ad

490 2936 829 3010 Sisennam,
888 2931 996 2992 sed
1046 2927 1344 2991 sententia
1387 2926 1543 2985 haec
1598 2932 1685 2982 est
1702 2967 1720 2998 ‚
1774 2941 2003 2981 »nemo
2055 2919 2257 2980 adhuc
2308 2938 2452 2978 cum

492 3063 526 3097 ι»
541 3038 788 3099 Sisenna
836 3033 1098 3096 conferri
1151 3037 1344 3110 potest
1358 3032 1414 3105 ,²²
1473 3034 1580 3087 aut
1597 3071 1617 3102 ‚
1675 3050 1707 3084 »
1723 3044 1905 3085 nemo
1952 3042 2096 3082 eum
2150 3029 2454 3081 assecutus

492 3150 650 3202 »est
731 3140 803 3199 Et
841 3158 981 3199 sane
1014 3135 1139 3195 dici
1173 3140 1406 3214 poterat
1439 3141 1674 3210 superat
1708 3129 1749 3188 i.
1785 3147 1839 3188 e.
1876 3125 2148 3205 superior
2184 3132 2307 3185 est:
2348 3122 2455 3183 sed

492 3246 710 3309 maluit
740 3243 1011 3325 perfecto
1045 3241 1175 3316 uti,
1217 3238 1443 3318 quippe
1478 3245 1611 3296 tum
1642 3233 1722 3293 de
1756 3231 1920 3292 edito
1951 3250 2135 3309 opere
2151 3274 2170 3305 ‚
2208 3237 2340 3288 tum
2376 3227 2455 3287 de

492 3360 731 3413 mortuo
749 3395 767 3425 ,
808 3356 882 3408 ut
912 3345 1191 3420 videtur,
1232 3343 1521 3421 scriptore
1549 3357 1747 3398 sermo
1778 3342 1884 3395 est.
1967 3332 2192 3393 Locum
2221 3331 2299 3392 ad
2331 3330 2456 3390 Att.

493 3452 635 3529 VH,
668 3451 775 3528 12,
809 3451 896 3510 in.
923 3456 1089 3509 reete
1116 3447 1545 3524 interpretatur
1563 3438 1919 3517 Madvigius:
1948 3436 2027 3497 de
2053 3434 2243 3496 altero
2257 3431 2457 3492 Divin.

496 3556 559 3616 11
577 3603 596 3631 ‚
650 3554 691 3616 2
710 3602 728 3632 ,
786 3553 825 3614 4
875 3552 1093 3635 (adhuc
1146 3549 1289 3609 haec
1341 3544 1531 3627 want)
1548 3592 1565 3621 ‚
1624 3543 1837 3603 dubito
1888 3560 1968 3600 an
2022 3540 2137 3599 ista
2185 3536 2457 3616 epistola-

498 3677 642 3718 rum
677 3676 847 3717 more
894 3655 1114 3733 scripta
1161 3649 1512 3729 accipienda
1553 3648 1708 3723 sint,
1750 3644 1931 3724 plane
1983 3642 2182 3701 alieno
2214 3638 2291 3698 ab
2337 3637 2460 3697 illis

503 3760 782 3821 exordiis.
877 3757 1082 3818 Potius
1131 3753 1419 3814 videntur
1467 3752 1577 3811 illa
1626 3769 1664 3810 e
1712 3745 2166 3809 continuatione
2216 3749 2462 3802 senten-

503 3863 626 3923 tiae
680 3858 1070 3944 explicanda3
1129 3856 1430 3937 siquidem
1497 3850 1808 3931 iungenda
1869 3854 2009 3907 sunt
2068 3846 2259 3906 adhuc
2316 3843 2461 3901 haec

501 3976 702 4026 erant:
751 3929 846 4024 &d
876 3963 1104 4042 reliqua
1147 3960 1518 4021 tendebamus
1560 3964 1676 4016 cet.
1757 3954 1937 4013 Nunc
1969 3948 2038 4032 (ss
2070 3944 2137 4027 7)
2176 3945 2458 4024 quoniam

501 4070 572 4130 de
605 4090 667 4128 rs
701 4068 874 4150 publ.
911 4073 1029 4128 eet.
1063 4094 1145 4112 —-
1173 4064 1306 4124 Mox
1348 4063 1661 4143 scriptores
1712 4065 1853 4117 sunt
1901 4048 2211 4124 historici,
2251 4055 2321 4105 ut
2354 4045 2456 4105 Gr.

507 4183 876 4254 “memte-
