3131 5032
411 712 544 783 sibi
584 714 729 806 ipse
768 709 1138 803 plurimum
1184 709 1528 803 placebat,
1581 711 1843 807 sibique
1886 720 2186 790 conscius
2230 736 2373 793 erat

409 862 620 933 quam
676 836 1086 932 praeclaram
1143 848 1354 907 artem
1413 836 1636 909 adhuc
1695 838 2057 933 ignoratam
2123 847 2371 917 Romae

413 967 751 1059 genuisset
769 1016 793 1053 ,
865 986 1204 1058 quamque
1272 963 1623 1058 praeclaris
1698 988 1843 1036 eam
1919 976 2367 1046 monumentis

414 1090 896 1162 illustravisset.
994 1090 1228 1183 Itaque
1276 1091 1469 1161 toties
1505 1089 1633 1161 sibi
1678 1092 1766 1162 de
1811 1115 1963 1163 vera
2005 1095 2203 1168 laude
2244 1099 2367 1168 de-

420 1219 619 1287 traxit
673 1217 905 1288 Cicero
923 1267 945 1305 ‚
992 1218 1252 1310 quoties
1315 1217 1589 1287 vanitati
1653 1232 1724 1289 et
1786 1220 1963 1290 inani
2025 1223 2364 1294 ambitioni

425 1342 721 1414 indulsit.

520 1469 823 1539 Alterum
872 1465 1059 1561 quod
1100 1467 1396 1539 fastidite
1432 1468 1786 1543 nonnullos
1828 1469 2093 1566 audivi,
2151 1480 2369 1549 minus

420 1597 496 1662 in
556 1593 761 1686 ipsius
819 1595 1130 1664 orationis
1198 1593 1478 1665 artificio
1534 1608 1606 1666 et
1661 1600 1933 1691 argutiis
1978 1604 2364 1695 quaeritur,

418 1741 629 1811 quam
689 1720 759 1788 in
819 1741 902 1788 eo
965 1719 1189 1790 colore
1208 1769 1228 1807 ,
1293 1720 1411 1813 qui
1467 1743 1696 1791 omnes
1762 1720 2101 1797 Tullianos
2164 1729 2368 1801 libros

419 1842 720 1937 pervadit
738 1896 763 1933 ,
828 1845 1072 1914 nimiae
1134 1843 1483 1915 cuiusdam
1551 1845 1658 1915 vel
1720 1845 2148 1922 humanitatis
2168 1904 2188 1941 ‚
2262 1853 2366 1923 vel

415 1971 794 2064 diligentiae
815 2022 837 2060 ,
871 1994 1007 2065 qua
1028 1969 1354 2065 perpolita
1389 1970 1523 2041 sint
1545 1973 1764 2042 omnia
1785 2024 1805 2062 ,
1844 1975 2030 2068 quod
2061 1999 2198 2047 non
2219 1990 2370 2048 tan—

421 2111 570 2168 tum
607 2099 981 2169 immanitas
1010 2097 1337 2169 sentiendi
1367 2097 1730 2193 rudiorque
1759 2102 2021 2173 animus
2049 2117 2367 2196 exuatur,

415 2224 539 2309 sed
575 2226 859 2318 ingenua
892 2226 1093 2295 etiam
1117 2224 1359 2294 veritas
1392 2237 1465 2295 et
1488 2225 1875 2320 simplicitas
1910 2239 1981 2297 et
2015 2230 2368 2300 vernacula

416 2350 785 2421 moderatio
845 2363 1378 2445 corrumpantur.
1478 2350 1704 2445 Atque
1752 2352 1879 2424 hoc
1919 2356 2184 2425 nomine
2220 2369 2368 2427 tum

419 2476 565 2550 aliis
626 2476 1167 2572 postponendum
1241 2477 1627 2548 Ciceronem
1693 2478 2102 2551 arbitrantur
2125 2535 2145 2571 ‚
2220 2495 2363 2555 tum

418 2607 703 2675 maxime
747 2606 1152 2676 Graecorum
1188 2604 1456 2697 optimis
1501 2604 1884 2699 quibusque
1903 2657 1924 2693 ‚
1974 2608 2044 2676 in
2076 2631 2365 2701 quorum

422 2733 864 2801 monumentis
921 2752 1194 2823 regnare
1248 2741 1557 2824 apertum
1620 2730 1961 2824 quoddam
2025 2734 2362 2827 ingenium

419 2870 492 2926 et
522 2855 847 2945 liberum,
897 2855 1080 2950 quod
1115 2855 1302 2924 nulla
1337 2855 1748 2925 observantia
1770 2909 1790 2944 ‚
1826 2856 2010 2927 nulla
2047 2860 2359 2948 ambitio,

424 3005 563 3052 non
610 3004 809 3076 prava
863 2982 1090 3075 religio
1128 2982 1570 3052 attenuaverit
1616 2993 1734 3050 aut
1774 2981 2166 3054 emolliverit
2206 3009 2362 3055 cum

420 3105 737 3177 naturalis
807 3106 1060 3178 robon‘s
1133 3131 1211 3178 ac
1289 3107 1656 3176 venustatis
1738 3107 2033 3177 interitu.
2156 3111 2364 3203 Igitur

416 3232 782 3304 ostendunt
834 3233 1026 3304 nobis
1067 3232 1315 3302 multas
1362 3245 1586 3325 partes
1633 3233 2005 3302 orationum
2025 3283 2045 3321 ,
2094 3235 2360 3306 exordia

414 3358 829 3452 dialogomm
849 3412 870 3449 ‚
920 3359 1038 3429 sed
1078 3381 1240 3452 prae
1276 3357 1548 3452 reliquis
1583 3357 1891 3453 epistolas
1932 3359 2017 3428 ad
2057 3360 2359 3434 Diversos
2439 3424 2444 3427 ,

412 3506 589 3578 quae
648 3484 1073 3579 appellantur
1098 3536 1119 3573 ‚
1168 3484 1239 3552 in
1296 3482 1545 3577 quibus
1606 3505 1740 3552 non
1790 3484 1997 3555 dictio
2045 3499 2307 3559 tantum
2333 3541 2354 3578 ‚

414 3610 538 3681 sed
566 3613 711 3704 ipsa
737 3633 926 3682 sensa
958 3610 1197 3680 mentis
1229 3607 1524 3680 studiose
1554 3608 1776 3679 dolata
1806 3622 1876 3680 et
1912 3613 2149 3684 asciata
2184 3616 2354 3705 sint,

422 3735 557 3806 fere
597 3736 685 3805 ad
740 3737 947 3808 nostri
994 3738 1136 3806 aevi
1182 3736 1556 3806 cautionem
1599 3749 1670 3805 et
1711 3738 2245 3830 superstitionem
2287 3756 2357 3813 et

418 3875 762 3956 tamquam
810 3863 1055 3954 gratiae
1109 3863 1518 3956 aucupium3
1570 3874 1966 3957 tantumque
2010 3865 2183 3937 inter
2225 3869 2359 3938 De-

419 3986 832 4057 mosthenem
888 3988 1075 4058 verbi
1130 4011 1327 4058 causa
1372 4000 1491 4057 aut
1553 3987 1897 4058 Platonem
1948 4004 2019 4061 et
2060 3973 2372 4064 Tullium„

418 4116 731 4186 inte-osae
749 4164 772 4204 ,
819 4128 1147 4207 quantum
1191 4115 1363 4183 inter
1406 4111 1784 4206 Apollinem
1817 4114 2357 4190 Belvederensem

2043 4244 2082 4284 a*
