3131 5032
763 395 893 463 504
1445 394 1589 463 Lm.
1634 396 1734 481 11,
1776 401 1856 481 9,
1904 398 2012 465 21.

763 606 947 677 atque
980 598 1095 659 hae
1122 600 1286 661 diras
1327 602 1841 664 ostendebantur
1872 604 1954 663 ab
1988 622 2249 682 augure:
2289 622 2404 665 nec
2440 602 2741 668 dubium

763 701 1076 781 oportebat
1108 703 1398 766 Orellium
1430 706 1496 765 in
1530 704 1832 767 Analectis
1864 706 1986 768 Cic.
2016 706 2146 768 Vol.
2177 704 2275 769 IV.
2301 706 2366 768 P.
2391 706 2451 768 2.
2480 728 2542 787 p.
2570 709 2737 787 59⁴7,

768 812 976 865 utrum
1010 805 1077 865 in
1103 807 1211 867 illa
1235 807 1432 869 Crassi>
1449 809 1696 872 historia
1726 810 1992 871 dirarum
2014 830 2095 870 au
2115 811 2377 871 dirorum
2406 811 2541 871 obn.
2572 819 2737 872 emet

761 907 1123 986 legendum:
1164 912 1367 972 omina
1416 913 1544 992 ipsa
1589 922 1730 973 sunt
1771 916 1966 989 diras,
2012 932 2241 994 eaeque
2273 912 2732 974 obnunoisban-

762 1020 890 1071 tur:
930 1032 1032 1090 ea,
1072 1015 1138 1073 in
1172 1034 1331 1095 quae
1380 1017 1516 1096 quis
1567 1017 1915 1078 incurrebat
1960 1018 2076 1078 hac
2106 1016 2573 1079 obnuuciatione
2604 1036 2728 1076 ne-

759 1113 953 1192 glecta
964 1160 985 1191 ,
1024 1117 1160 1177 dira
1191 1117 1579 1197 dicebantur3
1622 1119 1787 1179 unde
1825 1141 2033 1185 rursus
2073 1121 2207 1181 dira
2241 1132 2299 1182 st
2333 1122 2550 1181 vitiose
2583 1120 2728 1180 iun-

759 1224 990 1295 guntur
1028 1218 1224 1282 Divin.
1264 1220 1332 1297 1,
1376 1221 1487 1299 16,
1527 1221 1640 1299 28,
1678 1221 1782 1284 fin.

1524 1422 1796 1493 CAPUT
1839 1426 1948 1493 IX.

777 1662 780 1665 ·
826 1629 1140 1709 foederum
1153 1633 1334 1712 pacis
1356 1664 1422 1677 -—
1463 1632 1614 1693 bella
1638 1633 2025 1715 disceptato)
2103 1634 2399 1710 floridius,
2427 1632 2728 1712 probante

759 1728 971 1793 Beiero
1024 1732 1102 1791 ad
1150 1732 1311 1795 Offic.
1362 1732 1431 1811 1,
1492 1733 1598 1810 11,
1657 1733 1772 1810 36,
1830 1734 1994 1811 init.‚
2030 1735 2282 1817 fetiales
2328 1754 2365 1794 a
2396 1735 2726 1814 glossatore

757 1831 1126 1912 adscriptum
1180 1836 1478 1896 censebat.
1576 1836 1649 1894 Et
1698 1855 1839 1896 sane
1889 1836 2098 1915 negari
2144 1855 2269 1896 non
2310 1843 2506 1915 potest
2539 1855 2724 1916 saepe

758 1934 830 1995 in
866 1934 962 1996 his
997 1936 1234 2017 legibus
1281 1939 1598 1999 sollemnes
1625 1939 2055 2017 appellationes
2086 1937 2311 2014 omitti,
2351 1938 2506 1998 sicut
2532 1937 2720 1999 modo

755 2039 1270 2118 Septemvirorum
1305 2049 1367 2100 et
1397 2040 1889 2103 Decemvirorum
1907 2088 1927 2120 ,
1967 2042 2321 2122 saepiusque
2345 2041 2437 2102 111
2457 2087 2476 2117 ‚
2517 2043 2586 2118 3,
2628 2061 2718 2122 sq.

756 2142 985 2204 sactum
1014 2152 1127 2203 est:
1162 2152 1291 2204 tum
1320 2144 1518 2222 ipsum
1548 2146 1664 2205 hoc
1680 2148 1930 2227 fetiales
1950 2166 2269 2226 perperam
2292 2144 2722 2224 interpositum

756 2265 883 2307 esse
935 2245 1099 2306 inter
1153 2258 1404 2306 oratoru
1453 2256 1515 2306 et
1567 2249 1815 2310 iudices.
1913 2249 2085 2324 Quod
2136 2257 2340 2310 autem
2387 2248 2721 2326 Madvigius

756 2346 1119 2428 Programm.
1156 2348 1319 2410 laud.
1355 2370 1416 2430 p.
1460 2349 1534 2412 17
1568 2350 1828 2427 iudicat,
1864 2365 2155 2412 oratorum
2195 2372 2401 2413 veram
2435 2372 2558 2412 esse
2589 2352 2720 2431 ple-

758 2471 1089 2533 rorumque
1121 2453 1417 2514 librorum
1451 2454 1775 2515 lectionem
1790 2502 1810 2532 ,
1850 2456 2020 2536 quasi
2053 2476 2146 2515 res
2179 2476 2290 2535 per
2317 2455 2465 2515 alios
2496 2454 2726 2535 legatos

758 2563 820 2616 et
848 2565 1109 2617 oratores
1150 2566 1281 2618 acta
1324 2557 1401 2617 ad
1445 2558 1746 2619 fetialium
1791 2560 2084 2620 iudicium
2113 2560 2385 2621 revocari
2419 2558 2721 2639 significa-

758 2666 963 2738 retur3
1015 2659 1132 2720 hoc
1176 2659 1363 2739 igitur
1407 2662 1660 2722 minime
1701 2663 2120 2743 accipiendum
2157 2683 2279 2724 esse
2309 2671 2477 2743 puto.
2555 2663 2722 2741 Ipsos

758 2759 991 2823 fetiales
1034 2764 1325 2843 appellari
1369 2766 1623 2847 legatos,
1666 2777 1917 2826 mutam
1934 2812 1952 2841 ,
1994 2767 2271 2827 novimus
2314 2787 2387 2826 ex
2425 2767 2591 2826 Festo
2626 2786 2719 2825 ιε

762 2864 922 2926 cons.
973 2866 1231 2928 Gronov.
1272 2868 1430 2929 Lect.
1475 2866 1672 2929 Plaut.
1705 2889 1765 2948 p.
1804 2868 1945 2929 282.
2029 2868 2185 2929 Cort.
2221 2868 2300 2929 ad
2329 2869 2539 2929 Salust.
2583 2867 2721 2946 lug.

763 2966 977 3045 CVIII,
1023 2969 1081 3030 1.
1158 2970 1307 3030 Tum
1354 2969 1716 3031 facillimum
1762 2972 2065 3051 explicatu
2106 2980 2191 3036 est
2206 3018 2224 3048 ‚
2264 2980 2509 3052 propter
2542 2990 2723 3050 prae-

760 3073 1043 3135 cedentes
1084 3076 1380 3155 genitivos
1429 3075 1748 3137 librarium
1800 3077 1869 3136 in
1921 3077 2106 3138 huius
2165 3095 2411 3156 quoque
2462 3073 2727 3135 nominis

764 3175 1050 3237 eumdem
1116 3198 1319 3238 casum
1379 3198 1582 3238 errore
1642 3177 1940 3239 incidisse.
2041 3177 2322 3237 Ceterum
2399 3176 2520 3237 mei
2576 3175 2721 3235 libri

762 3279 920 3339 nihil
968 3281 1111 3340 novi
1160 3280 1416 3341 afferunt
1433 3306 1452 3359 ;
1514 3288 1576 3340 et
1620 3281 1843 3360 reliqui
1888 3301 2008 3339 non
2026 3326 2045 3356 ‚
2096 3279 2263 3359 quod
2304 3279 2501 3340 multo
2531 3279 2721 3339 maior

761 3401 899 3461 pars
925 3390 1122 3443 tenet:
1166 3383 1271 3443 sed
1295 3392 1598 3461 praestare
1623 3383 1865 3444 videtur
1888 3383 2004 3444 duo
2029 3395 2231 3460 sunto,
2265 3382 2430 3462 quod
2456 3383 2645 3448 Burn.
2664 3384 2718 3442 δ.

764 3483 974 3545 habet:
1018 3492 1199 3564 atque
1239 3487 1322 3546 ita
1362 3486 1651 3548 Davisius.

833 3587 1117 3667 prodigia
1153 3600 1425 3668 portenta
1474 3621 1554 3640 —
1603 3601 1660 3650 et
1712 3586 2036 3670 ona-spicer)
2129 3590 2286 3650 Haec
2333 3609 2537 3650 errore
2585 3589 2724 3649 satis

765 3689 1072 3758 communi
1122 3689 1356 3750 Cortius
1400 3692 1478 3751 ad
1525 3691 1734 3752 Salust.
1790 3693 1960 3754 Catil.
1999 3691 2236 3768 XLVII,
2277 3693 2337 3754 2.
2384 3714 2445 3773 p.
2479 3692 2618 3755 277.
2654 3713 2725 3770 a,

766 3779 836 3851 ut
883 3811 920 3851 e
963 3812 1050 3852 xn
1096 3792 1234 3852 Tab.
1281 3795 1444 3854 citat.
1535 3794 1655 3854 Sed
1695 3795 1960 3857 tollenda
2002 3805 2090 3857 est
2133 3797 2349 3875 copula
2395 3809 2484 3871 et,
2536 3815 2725 3875 quam

764 3894 950 3957 Burn.
987 3898 1042 3957 δ.
1077 3915 1321 3976 quoque
1353 3896 1612 3957 omittit:
1653 3917 1767 3959 nec
1800 3900 1987 3961 mirer
2013 3901 2062 3959 si
2090 3902 2388 3981 aruspices
2416 3900 2726 3979 glomatori

766 3998 1111 4061 deberetur.
1208 3999 1356 4060 Satis
1415 4008 1684 4061 constare
1740 4001 1922 4064 hodie
1979 4003 2236 4065 arbitror
2297 4003 2496 4064 nullos
2542 4001 2730 4064 fuisse

766 4101 1107 4183 haruspice-s
1157 4105 1376 4167 Romae
1428 4106 1537 4186 qui
1589 4108 2043 4168 consulerentur
2059 4154 2078 4185 ,
2130 4115 2366 4188 praeter
2412 4107 2721 4170 Etruscum
