3131 5032
541 1171 625 1251 ¹4·

531 1406 625 1460 vl.

1612 476 1714 552 84

693 705 777 762 ut
853 693 1198 782 institui,.
1236 704 1485 764 nostra
1552 694 1713 763 iura
1776 692 2147 788 attingam.
2246 699 2389 766 Att.
2447 687 2646 765 Istud

695 816 1006 885 maxime
1033 848 1040 883 :
1067 824 1404 911 exspecto
1458 809 1854 884 disserendi
1908 833 2158 908 genus.
2277 816 2375 883 M.
2424 816 2647 911 Atqui

695 929 1045 1029 pleraque
1090 945 1261 1003 sunt
1306 929 1501 1004 dicta
1548 934 1629 1002 in
1668 930 1809 1001 illis
1846 928 2082 1021 libris;
2142 930 2342 1028 quod
2388 929 2651 1004 facien·

693 1048 873 1122 dum
900 1050 1040 1123 fuit
1064 1075 1297 1150 quum
1324 1049 1417 1123 de
1438 1053 1713 1150 optima
1735 1074 1814 1122 re
1837 1047 2129 1150 publica
2154 1065 2648 1147 quaereretur.

790 1170 929 1243 Sed
955 1169 1188 1243 'huius
1236 1171 1379 1244 loci
1425 1169 1520 1244 de
1571 1168 2105 1270 magistratibus
2146 1185 2318 1243 sunt
2354 1174 2648 1270 propria

692 1289 1072 1386 quaedam,
1093 1315 1134 1362 a
1149 1289 1649 1390 Theophrasto
1666 1293 2008 1390 primum,
2025 1288 2288 1363 deinde
2310 1317 2352 1363 a
2370 1295 2603 1365 Dione
2620 1303 2643 1341 ¹

695 1413 940 1482 Stoico
972 1413 1293 1507 quaesita
1316 1409 1674 1482 subtilius.
1722 1412 1867 1481 Att.
1890 1412 2027 1480 Ain
2053 1409 2392 1483 tandem?
2421 1414 2650 1483 Etiam

692 1552 738 1600 a
768 1531 1025 1601 Stoicis
1050 1533 1184 1602 ista
1215 1541 1516 1601 tractata
1556 1526 1774 1598 sunt?
1834 1530 1933 1598 Μ.
1971 1528 2135 1598 Non
2177 1551 2347 1600 sane
2391 1532 2531 1599 nisi
2555 1527 2651 1602 ab

694 1672 784 1720 eo
850 1672 1073 1745 quem
1131 1646 1354 1719 modo
1408 1646 1812 1735 nominavi,
1872 1656 1947 1716 et
2000 1657 2271 1742 posteav
2298 1669 2340 1718 a
2385 1669 2648 1744 magno

693 1765 994 1840 homine
1031 1781 1103 1840 et
1147 1771 1225 1838 in
1265 1769 1519 1867 primis
1559 1763 1879 1855 erudito,
1916 1767 2289 1836 Panaetio:
2328 1790 2494 1839 nam
2533 1792 2653 1839 ve·

693 1902 885 1959 teres
918 1885 1145 1958 verbo
1178 1900 1421 1976 tenuS,
1463 1860 1681 1957 'acute
1706 1883 1809 1955 illi
1844 1883 2172 1980 quidem,
2209 1884 2336 1957 sed
2377 1910 2523 1958 non
2553 1885 2649 1959 ad

695 2005 898 2078 hunc
946 2030 1159 2077 usum
1207 2004 1635 2105 popularem
1681 2017 1902 2101 atque
1950 2003 2231 2075 civilem
2276 2003 2368 2077 de
2405 2030 2491 2078 re,
2516 2032 2650 2105 pu·

693 2125 886 2197 blica
916 2122 1385 2223 disserebant.
1484 2122 1599 2195 Ab
1634 2121 1771 2195 hac
1802 2120 2069 2195 familia
2102 2126 2328 2220 magis
2358 2127 2488 2197 ista
2520 2150 2658 2199 ma-

692 2257 991 2333 narunt,
1038 2243 1335 2316 Platone
1380 2245 1741 2342 principe:
1788 2254 1952 2343 post
1996 2242 2415 2315 Aristoteles
2462 2244 2653 2317 illus-

692 2368 908 2437 travit
939 2387 1231 2435 omnem
1273 2361 1475 2434 hunc
1511 2361 1790 2433 civilem
1826 2364 1904 2432 in
1942 2360 2382 2465 disputando
2407 2363 2649 2436 locum

688 2482 1243 2581 Heraclidesque
1327 2484 1700 2572 PonticuS‚
1782 2479 2153 2581 profectus
2223 2481 2318 2555 ab
2390 2482 2648 2556 eodem

690 2605 1015 2678 Platone=
1070 2600 1611 2702 Theophrastus
1664 2625 1837 2673 vero
1852 2652 1874 2691 ‚
1923 2604 2301 2674 institutus
2349 2600 2444 2676 ab
2492 2607 2651 2676 Ari-

692 2723 984 2814 stotele,
1024 2721 1404 2812 habitavit,
1447 2735 1533 2792 ut
1569 2724 1788 2811 scitiS,
1823 2723 1902 2791 in
1936 2744 2025 2792 eo
2065 2745 2332 2819 genere
2367 2747 2646 2796 rerum:

694 2844 789 2918 ab
827 2842 1237 2940 eodemque
1268 2840 1652 2913 Aristotele
1682 2838 1941 2912 doctus
1970 2840 2451 2913 Dicaearchus
2477 2841 2653 2914 huic

696 2967 959 3038 rationi
989 2961 1380 3059 studioque
1406 2985 1556 3033 non
1584 2957 1837 3032 defuit.
1900 2964 2069 3032 Post
2091 2984 2135 3032 a
2155 2959 2653 3061 Theophrasto

703 3083 1088 3158 Phalereus
1108 3081 1225 3154 ille
1250 3083 1690 3169 DemetriuS,
1725 3078 1818 3152 de
1851 3102 2003 3176 quo
2028 3077 2168 3152 feci
2197 3105 2418 3181 supra
2451 3106 2655 3154 men·

700 3207 970 3275 tionem
989 3254 1012 3291 ,
1076 3198 1501 3272 mirabiliter
1574 3196 1981 3271 doctrinam
2053 3222 2141 3270 ex
2212 3198 2656 3273 umbraculis

702 3321 1155 3396 eruditorum
1187 3322 1484 3415 otioque
1516 3342 1666 3389 non
1706 3316 1929 3390 modo
1958 3322 2036 3389 in
2072 3317 2298 3390 solem
2332 3333 2554 3416 atque
2578 3323 2655 3392 in

701 3441 1072 3542 pulverem
1088 3491 1110 3528 ,
1147 3437 1273 3511 sed
1307 3441 1381 3509 in
1414 3442 1651 3538 ipsum
1678 3437 2066 3511 discrimen
2087 3440 2464 3535 aciemque
2485 3462 2655 3537 pro-

700 3561 930 3634 duxit.
1028 3562 1211 3633 Nam
1250 3572 1323 3630 et
1356 3557 1822 3631 mediocriter
1848 3558 2104 3631 doctos
2135 3581 2434 3656 magnos
2459 3561 2537 3628 in
2573 3581 2654 3631 re

698 3680 989 3781 publica
1022 3682 1251 3770 viros,
1303 3692 1380 3751 et
1406 3676 2225 3782 doctissimos-homines
2255 3700 2405 3748 non
2437 3680 2654 3750 nimis

697 3806 775 3873 in
813 3826 892 3873 re
926 3799 1219 3900 publica
1249 3812 1567 3872 versatos
1599 3797 1867 3870 multos
1899 3820 2466 3871 commemorare
2490 3822 2655 3897 pos-

697 3945 978 3993 sumus:
1041 3922 1174 4018 qui
1227 3944 1402 3993 vero
1463 3933 1773 4018 utraque
1832 3942 1912 3993 re
1976 3916 2385 4012 excelleret,
2442 3931 2526 3992 ut
2578 3930 2655 3992 et

753 4190 773 4227 ¹
810 4185 1068 4257 Diogene.
