3131 5032
1369 476 1468 552 95

445 701 755 793 possunt
780 707 802 747 ι
849 686 1242 763 videndum
1270 702 1399 763 oet.
1497 692 1588 781 Q.
1619 690 1809 782 Quia
1827 698 1890 781 ²,
1922 685 2177 779 frater,
2206 688 2400 765 bona
2469 710 2561 770 84.

442 824 571 884 tua
606 812 814 883 venia
850 807 1153 881 dixerim
1175 860 1197 899 ,
1228 812 1362 883 ista
1399 812 1756 884 sententia
1787 815 2093 884 maxime
2125 824 2199 884 et
2222 809 2402 885 fallit

441 933 820 1031 imperitos
835 982 856 1020 ,
881 945 953 1002 et
975 928 1184 1002 obest
1212 933 1625 1029 saepissime
1648 935 1755 1003 rei
1776 930 2145 1029 publicae,
2173 956 2405 1029 quum

441 1047 722 1147 aliquid
775 1073 1029 1123 verum
1070 1063 1146 1122 et
1187 1065 1470 1123 rectum
1505 1074 1660 1123 esse
1696 1050 2002 1144 dicitur,
2051 1052 2179 1125 sed
2218 1052 2408 1125 obti-

441 1175 638 1262 neri,
661 1169 738 1242 id
761 1184 871 1243 est
891 1169 1146 1242 obsisti
1169 1192 1382 1270 posse
1408 1171 1684 1270 populo
1712 1187 2036 1271 negatur.
2086 1177 2407 1246 Primum

442 1294 643 1363 enim
704 1290 1085 1364 obsistitur
1148 1313 1380 1389 quum
1450 1295 1691 1390 agitur
1746 1316 2011 1366 severe.
2129 1291 2410 1366 Deinde

442 1414 516 1480 vi
549 1414 868 1509 opprimi
894 1413 972 1481 in
1001 1411 1195 1483 bona
1218 1432 1430 1482 causa
1461 1422 1568 1481 est
1598 1409 1894 1501 melius,
1926 1435 2151 1509 quam
2181 1408 2410 1485 malae

445 1529 726 1603 cedere.
824 1533 973 1622 Qui
999 1545 1025 1585 ⁸
1076 1540 1320 1602 autem
1363 1552 1512 1599 non
1555 1532 1868 1601 sentitur
1891 1535 1918 1576 ⁴
1954 1521 2248 1601 omnem
2279 1544 2408 1603 au·

444 1652 854 1722 ctoritatem
898 1652 1359 1749 optimatium
1410 1647 1850 1721 tabellariam
1894 1647 2123 1746 legem
2164 1647 2410 1721 abstu-

442 1766 660 1838 lisse?
692 1788 913 1864 quam
952 1764 1264 1867 populus
1296 1763 1480 1837 liber
1510 1786 1917 1861 numquam
1951 1763 2412 1858 desideravit,

442 1884 643 1959 idem
678 1908 1065 1986 oppressus
1102 1883 1482 1956 dominatu
1517 1906 1602 1955 ac
1640 1885 1968 1982 potentia
1996 1888 2407 1984 principum

441 2005 810 2105 flagitavit.
889 2009 1161 2102 ‘Itaque
1197 2006 1524 2102 graviora
1561 2001 1831 2076 iudicia
1866 2003 1961 2076 de
2001 2007 2413 2104 potentissi-

441 2130 586 2198 mis
657 2121 1084 2195 hominibus
1150 2135 1433 2195 exstant
1510 2126 1710 2194 vocis
1784 2146 2008 2221 quam
2082 2123 2409 2199 tabellae.

440 2243 940 2337 Quamobrem
979 2237 1421 2340 suffragandi
1457 2244 1681 2315 nimia
1712 2240 1944 2315 libido
1977 2247 2053 2316 in
2085 2267 2237 2315 non
2274 2243 2414 2317 bo-

447 2369 566 2438 nis
603 2367 833 2437 musis
868 2359 1240 2463 eripienda
1276 2359 1416 2432 fuit
1454 2361 1918 2460 potentibus,
1953 2387 2102 2434 non
2136 2361 2412 2438 latebra

445 2483 685 2560 danda
735 2478 1051 2585 popu10,
1098 2484 1173 2554 in
1209 2504 1385 2580 qua,
1416 2478 1636 2554 bonis
1683 2482 2184 2580 ignorantibus
2232 2482 2413 2583 quid

447 2607 765 2704 quisque
833 2605 1134 2676 sentiret
1155 2651 1176 2690 ,
1257 2598 1518 2673 tabella
1603 2604 1946 2673 vitiosum
2016 2601 2413 2677 occultaret

446 2722 900 2823 suffragium.
995 2726 1249 2818 Itaque
1280 2722 1401 2791 isti
1430 2723 1697 2793 rationi
1725 2745 1968 2817 neque
1999 2720 2185 2794 lator
2215 2727 2413 2821 quis-

449 2867 674 2940 quam
723 2857 834 2915 est
880 2843 1254 2929 inventus,
1299 2862 1438 2911 nec
1473 2852 1731 2913 auctor
1759 2864 2108 2937 umquam
2147 2840 2408 2915 bonus.

449 2965 640 3034 Sunt
702 2965 892 3033 enim
945 2972 1264 3057 quatuor
1331 2957 1527 3056 leges
1587 2957 2033 3049 tabellariae,
2097 2985 2411 3057 quarum

2477 2968 2620 3028 m.

2478 3042 2550 3095 85

450 3083 690 3182 prima
728 3081 819 3154 de
860 3075 1392 3177 magistratibus
1438 3076 1880 3151 mandandis.
1977 3080 2078 3152 Ea
2124 3091 2232 3152 est
2269 3083 2411 3155 Ga·
2552 3074 2572 3096 ⁶

449 3199 692 3292 binia,
722 3199 866 3273 hm
893 3199 989 3272 ab
1020 3196 1318 3270 homine
1355 3201 1609 3298 ignoto
1639 3211 1715 3270 et
1745 3195 2063 3271 sordido.
2158 3204 2417 3274 Secuta

451 3320 758 3395 biennio
816 3331 986 3420 post
1029 3321 1266 3391 Cassia
1309 3330 1457 3408 est,
1507 3316 1601 3390 de
1649 3317 1909 3418 populi
1954 3316 2240 3392 iudiciis
2264 3337 2324 3412 ⁵,
2373 3345 2417 3394 a

450 3439 686 3514 nobili
718 3438 1017 3511 homine
1054 3437 1223 3528 lata,
1271 3441 1350 3510 L.
1387 3440 1666 3528 Cassi0,
1700 3437 1865 3528 sed,
1892 3461 2073 3538 pace
2105 3437 2415 3514 familiae

450 3558 800 3651 dixerim,
830 3556 1223 3633 dissidente
1248 3582 1291 3632 a
1317 3557 1563 3649 bonis,
1597 3567 1823 3654 atq-ue
1848 3581 2103 3631 omnoe
2135 3583 2415 3633 rumus-

457 3680 665 3753 culos
697 3677 1033 3780 populari
1072 3681 1354 3752 ratione
1397 3691 1828 3776 aucupante.
1922 3678 2273 3752 Carbonis
2303 3695 2415 3754 est

456 3805 704 3891 tertia,
752 3798 846 3871 de
876 3797 1212 3872 iubendis
1248 3797 1528 3898 legibus
1558 3820 1647 3871 ac
1680 3797 2041 3890 vetandis,
2092 3799 2416 3872 seditiosi

459 3931 684 4016 atque
726 3917 1045 4016 improbi
1092 3920 1297 4008 civis,
1348 3920 1467 3990 cui
1511 3940 1607 3989 ne
1653 3915 1929 3989 reditus
1974 3918 2273 4016 quidem
2322 3918 2416 3993 ad

520 4181 761 4252 ιρω..
832 4180 1185 4249 zoa-Qun.
1256 4182 1456 4252 ἐμὴ.
1524 4182 1762 4235 ιιι-ιιι.
1833 4181 2109 4236 ιιι-ηοω.
