3131 5032
810 428 940 492 400
1421 413 2061 504 *Lm.1,15,42.

800 630 1217 691 auctoritatem
1267 633 1548 707 repetunt
1596 647 1633 686 a
1685 625 1851 686 dicto
1891 624 2130 685 Zaleuci
2163 630 2270 684 aut
2300 623 2726 686 Anacharsidis
2740 667 2759 702 ,

800 733 963 813 apud
1015 733 1332 793 Stobaeum
1383 728 1557 806 XLV,
1616 728 1727 805 25,
1783 729 1862 788 de
1909 728 2146 806 legibus
2190 747 2548 789 araneorum
2603 730 2760 791 telis.

801 834 1145 895 Communis
1171 843 1233 893 et
1253 841 1581 913 perpetuus
1598 830 1889 892 sermonis
1911 850 2039 890 mos
2064 831 2231 890 hunc
2254 830 2529 910 sequitur
2553 853 2760 908 usum,

798 945 869 996 ut
919 937 1085 1016 leges
1138 936 1234 996 vel
1285 954 1429 995 cum
1478 934 1769 1010 vinculis,
1809 934 1908 995 vel
1949 953 2090 994 cum
2123 933 2303 1013 septis
2333 933 2727 994 conferantur
2736 958 2756 1012 3

796 1040 964 1100 unde
1008 1053 1202 1120 septus
1255 1038 1517 1120 legibus,
1568 1036 1831 1116 Philipp.
1867 1036 1978 1096 XII
1996 1082 2015 1112 ,
2060 1036 2170 1113 10,
2210 1035 2321 1097 25:
2364 1038 2595 1119 legibus
2630 1039 2759 1097 viu·

796 1145 948 1216 cire,
988 1141 1247 1202 Marcell.
1277 1139 1348 1215 8,
1389 1138 1499 1199 23:
1543 1139 1935 1217 cmtrinqers
1968 1136 2224 1218 legibus,
2263 1137 2476 1214 Agr-ar.
2512 1137 2612 1215 11,
2656 1137 2760 1215 10,

795 1242 908 1305 26:
951 1251 1015 1303 et
1065 1250 1247 1321 prout
1298 1261 1559 1322 rumpere
1610 1240 1853 1300 vincula
1868 1285 1887 1316 ,
1926 1239 2269 1319 similiaque
2308 1239 2604 1300 dicuntur
2618 1287 2640 1318 ,
2678 1240 2759 1300 sic

783 1365 1156 1426 perrumpere
1196 1346 1368 1427 leges.

876 1469 947 1508 ea
1001 1470 1151 1528 quas
1189 1460 1431 1529 propter
1477 1448 1799 1508 utilitatem
1857 1444 2262 1527 constituitur)
2358 1446 2454 1506 Sic
2506 1466 2652 1507 sane
2699 1453 2757 1506 et

795 1551 1021 1630 optima
1069 1560 1133 1610 et
1181 1552 1373 1612 maior
1419 1570 1555 1629 pars
1607 1550 1926 1610 librorum.
2028 1549 2472 1610 Correctionem
2522 1558 2724 1611 tamen
2738 1595 2758 1627 ,

793 1673 953 1733 quae
1003 1662 1132 1713 erat
1181 1654 1248 1714 in
1297 1662 1584 1734 promptu
1602 1700 1621 1730 ,
1675 1674 1856 1732 eaque
1889 1671 2038 1731 quae
2054 1697 2073 1728 ,
2114 1652 2341 1713 habent
2372 1651 2585 1713 Ambr.
2623 1655 2665 1730 β
2692 1675 2757 1732 γ,

794 1758 1035 1836 Lagom.
1077 1757 1182 1818 10:
1223 1777 1594 1838 quamquam
1627 1777 1707 1817 ne
1739 1757 1926 1817 altera
1952 1755 2203 1836 quidem
2235 1756 2532 1817 correctio
2548 1802 2567 1831 ,
2602 1769 2660 1816 et
2690 1778 2756 1815 ea

795 1883 972 1941 quae,
1025 1861 1361 1940 spernenda
1405 1868 1511 1920 est.
1595 1858 1798 1939 Neque
1834 1893 1915 1905 —
1949 1880 2059 1937 que
2099 1866 2187 1917 est
2219 1857 2346 1919 Fin.
2378 1859 2444 1935 Ι,
2489 1858 2604 1935 14,
2646 1857 2756 1934 48,

794 1966 1123 2043 multisque
1154 1965 1288 2024 aliis
1319 1964 1483 2024 locis.
1567 1963 1891 2041 Utriusque
1933 1962 2180 2022 rationis
2210 1962 2487 2041 exempla
2516 1963 2759 2041 collegit

793 2067 1040 2126 Beierus
1071 2067 1149 2127 ad
1183 2065 1347 2126 Offic.
1377 2067 1406 2125 1
1426 2112 1444 2141 ,
1486 2064 1598 2140 21,
1641 2064 1752 2140 72,
1792 2063 1897 2123 fin.
1976 2064 2162 2124 Recte
2192 2073 2396 2125 tamen
2430 2064 2758 2144 Madvigius

792 2169 871 2230 ad
908 2170 1035 2228 Fin.
1075 2168 1160 2244 V,
1201 2169 1310 2244 22,
1352 2166 1467 2243 64,
1509 2186 1570 2246 p.
1607 2165 1765 2245 730,
1822 2167 1940 2227 hoc
1991 2188 2177 2247 neque
2228 2198 2309 2213 ——
2353 2189 2465 2247 que
2501 2168 2573 2228 in
2607 2189 2758 2250 quo-

791 2273 931 2333 dam
967 2272 1372 2350 negligentiae
1404 2290 1628 2349 genere
1663 2289 1890 2349 ponere
1923 2270 2198 2331 videtur:
2242 2291 2614 2352 quamquam
2648 2270 2756 2330 dif-

791 2375 951 2435 ficile
1003 2377 1120 2435 erit
1137 2423 1155 2452 ,
1204 2373 1386 2434 credo
1401 2421 1419 2450 ,
1471 2375 1678 2434 locum
1731 2372 2001 2434 indicare
2017 2422 2035 2451 ,
2077 2375 2142 2434 iu
2188 2395 2312 2454 quo
2345 2395 2455 2454 per
2490 2395 2754 2439 severam

791 2477 1051 2540 duarum
1075 2479 1342 2559 partium
1367 2476 1800 2557 oppositionem
1827 2477 1944 2538 hae
1968 2486 2165 2557 partes
2194 2478 2280 2539 sic
2309 2478 2754 2559 disiungantur,

789 2604 975 2662 neque
1008 2614 1089 2627 -
1124 2605 1255 2663 que.
1335 2581 1486 2641 Nam
1523 2581 1652 2642 Fin.
1690 2581 1758 2658 1,
1804 2581 1913 2659 14,
1957 2580 2069 2659 48,
2111 2583 2278 2662 quod
2323 2586 2550 2663 opponi
2586 2583 2754 2644 alteri

789 2686 1033 2747 videtur
1050 2733 1068 2762 ,
1125 2686 1595 2767 (temperantiam
1628 2685 2057 2765 expetendam),
2094 2705 2302 2746 revera
2334 2688 2754 2747 continebatur
2866 2704 2871 2711 ·

792 2791 982 2851 altero
1016 2789 1126 2848 illo
1156 2786 1694 2872 (intemperantium
1716 2784 2127 2870 fugiendam.)
2206 2788 2363 2849 lbid.
2401 2789 2493 2849 111
2512 2836 2531 2867 ,
2576 2792 2605 2850 1
2625 2836 2645 2867 ,
2683 2787 2747 2865 3,

790 2890 923 2975 (nec
957 2894 1118 2951 euim
1147 2923 1227 2937 -
1261 2888 1599 2972 nostraque)
1633 2910 1757 2951 non
1800 2899 1890 2952 est
1926 2890 2254 2970 oppositio:
2295 2891 2615 2972 multoque
2647 2891 2751 2951 mi·

794 3017 908 3057 nus
946 2995 1183 3056 Catilin.
1225 2995 1322 3072 II,
1368 2994 1479 3072 13,
1520 2992 1622 3054 28.
1653 2994 1779 3056 fin..

871 3100 1133 3159 utilitate
1184 3099 1294 3158 illa
1343 3094 1715 3178 convellitur)
1793 3098 1941 3159 Satis
1987 3107 2212 3160 constat
2262 3099 2448 3161 huius
2482 3096 2752 3161 lectionis

790 3203 1143 3278 auctoritas,
1181 3200 1297 3260 nisi
1332 3201 1499 3281 quod
1534 3201 1660 3261 duo
1692 3200 1991 3261 Davisiani
2021 3221 2132 3280 pro
2166 3203 2302 3280 illa,
2343 3203 2571 3264 hahent
2602 3205 2748 3284 ipsa.

790 3303 843 3362 A
896 3301 1159 3364 Victorio
1212 3312 1332 3379 est,
1388 3303 1554 3383 quod
1605 3303 1749 3364 dein
1800 3304 2020 3364 multas
2063 3307 2380 3385 occupavit
2429 3307 2748 3380 editiones,

792 3406 955 3466 alia.-
1012 3426 1195 3486 quam
1247 3407 1642 3467 necessariam
1693 3427 1815 3467 esse
1866 3408 2302 3468 correctionem
2353 3410 2437 3469 sic
2483 3407 2749 3470 defendit

791 3505 1121 3589 Madvigius
1168 3509 1504 3572 Emendatt.
1559 3532 1620 3591 p.
1674 3510 1786 3588 14,
1839 3531 1965 3590 sq.,
2006 3520 2075 3572 ut
2126 3511 2371 3588 doceat,
2413 3513 2597 3573 nihili
2632 3529 2748 3572 esse

791 3631 964 3691 pron.
1017 3613 1125 3671 illa
1144 3658 1162 3688 ,
1218 3633 1341 3691 quo
1391 3613 1549 3674 nihil
1600 3614 1995 3675 demonstrari
2033 3616 2249 3694 possit,
2289 3636 2480 3694 quum
2522 3616 2602 3676 de
2639 3632 2749 3675 una

791 3714 1128 3794 eademque
1171 3716 1429 3777 utilitate
1471 3725 1719 3796 agatur:
1761 3726 1969 3778 contra
2010 3719 2126 3780 hoc
2160 3718 2482 3797 significari
2517 3740 2552 3779 a
2587 3720 2748 3779 Cice·

790 3838 966 3895 rone,
1009 3818 1331 3880 utilitatem
1362 3840 1503 3881 cum
1533 3821 1798 3881 utilitate
1832 3841 2131 3901 pugnare,
2173 3843 2420 3902 esseque
2456 3824 2578 3883 alio
2611 3831 2747 3882 tem·

788 3942 937 4002 pore
984 3922 1201 3998 aliam,
1259 3932 1329 3983 ut
1380 3925 1609 3985 utilitas
1665 3926 1793 4004 ipsa
1842 3926 1920 3984 ab
1967 3925 2083 3985 alia
2138 3927 2399 3987 utilitate
2449 3926 2748 3986 interdum

791 4028 1088 4086 vincatur.
1169 4025 1354 4087 Recte
1405 4028 1653 4089 omnino
1702 4030 1787 4087 sic
1836 4029 2196 4090 Goerenzius
2235 4030 2462 4109 aliique
2493 4029 2747 4091 refutan-

794 4135 893 4184 tur
913 4171 931 4200 ,
971 4126 1080 4203 qui
1130 4128 1238 4187 illa
1275 4129 1627 4188 servabant:
1668 4129 1772 4189 sed
1806 4150 1884 4189 ne
1917 4131 2042 4190 alia
2076 4132 2315 4210 legatur
2349 4132 2597 4193 eaedem
2628 4131 2747 4190 sere
