3131 5032
841 399 970 463 456
1521 392 1665 456 ιω.
1714 390 1779 476 1,
1826 394 1947 475 24,
1998 395 2104 459 os.

833 598 1126 670 alterum,
1166 613 1290 676 quo
1324 593 1506 654 modo
1537 593 1769 655 laudem
1802 593 1866 654 in
1905 612 1976 654 re
2006 592 2255 673 publica
2286 605 2778 676 consequeretur,

833 701 878 762 i.
927 720 983 761 e.
1033 678 1422 779 dignitatem,
1481 704 1559 757 et*
1595 697 1922 758 honoratus
1969 703 2139 758 esset.
2219 695 2295 756 In
2344 695 2548 759 Plane.
2599 699 2674 775 2,
2709 700 2778 775 6,

832 803 965 863 Icus
1009 822 1152 863 cum
1186 801 1476 882 dignitate
1493 845 1512 876 ,
1552 819 1677 860 non
1725 819 1866 859 cum
1908 801 2123 858 vinum
2158 799 2451 878 iungitur.
2534 800 2684 861 Tum
2712 800 2781 861 ad

833 906 965 967 niv.
1004 905 1068 982 1,
1128 905 1199 982 7,
1256 903 1323 978 8,
1381 904 1543 964 salus
1590 911 1653 963 et
1702 903 1833 963 laus
1880 903 1966 962 sic
2011 903 2494 982 coniunguntur,
2548 906 2779 964 nultum

828 1009 1108 1085 interm,
1148 1019 1345 1068 uerum
1391 1006 1521 1066 laus
1569 1007 1994 1080 imminuatur,
2034 1025 2114 1064 an
2152 1005 2315 1065 salus
2357 1007 2690 1067 deseratur.-
2724 1015 2777 1067 et

827 1129 986 1190 quae
1011 1109 1143 1168 lom
1170 1105 1565 1186 intelligenda
1596 1106 1703 1183 sit,
1737 1126 1774 1167 e
1807 1107 2080 1186 proxime
2112 1107 2431 1171 antecedd.
2467 1110 2672 1170 verbis
2698 1111 2777 1170 in-

825 1213 1020 1290 telligi
1057 1219 1269 1290 potest.

894 1316 1187 1396 factuque
1218 1325 1276 1374 et
1305 1314 1573 1374 consulta
1601 1346 1682 1360 —
1714 1315 2104 1374 monumentis
2117 1313 2390 1395 prodere)
2468 1314 2774 1396 Pel-peram

825 1417 1140 1478 Turnebus
1170 1417 1321 1477 haec
1348 1418 1425 1476 ad
1450 1417 1735 1476 historiae
1759 1417 2144 1495 scriptionem
2171 1418 2376 1478 refert.
2457 1419 2776 1480 subiicitur

826 1539 968 1580 sane
1001 1520 1254 1599 reliquis
1280 1520 1529 1581 cratoris
1554 1519 1837 1580 laudibus
1859 1520 2141 1581 historiae
2165 1522 2242 1581 ab
2270 1531 2509 1583 oratore
2535 1524 2774 1585 conscri-

823 1623 1061 1684 bendae
1113 1622 1413 1700 officium,
1466 1623 1628 1685 Orat.
1671 1623 1764 1700 11,
1805 1623 1873 1700 9,
1913 1622 2023 1684 36:
2066 1634 2485 1712 verumtamen
2524 1628 2590 1688 in
2623 1646 2773 1707 prae·

822 1729 979 1789 senti
1030 1727 1434 1808 disputatione
1482 1728 1727 1807 propria
1761 1727 2010 1787 oratoris
2043 1726 2234 1788 officia
2266 1739 2582 1807 recenset,
2625 1730 2775 1808 cogi-

820 1829 1196 1908 tandumque
1228 1830 1429 1909 potius
1461 1827 1540 1888 de
1573 1828 1846 1889 instituto
1875 1828 2181 1888 actionum
2208 1828 2400 1889 literis
2421 1830 2775 1892 mandanda·

819 1952 959 1992 rum
1004 1930 1496 2010 edendarumque
1512 1976 1531 2006 ,
1587 1930 1768 2010 quale
1817 1930 2187 1990 consilium
2168 1951 2236 1989 in
2269 1931 2477 1992 multis
2509 1941 2772 1993 secutum

822 2055 948 2096 eme
976 2034 1325 2094 Ciceronem
1352 2040 1607 2094 constat:
1645 2041 1708 2094 et
1736 2032 1884 2093 hinc
1912 2042 2000 2093 cst
2027 2032 2124 2110 id,
2153 2033 2320 2113 quod
2345 2034 2505 2096 dixit
2528 2035 2775 2116 Philipp.

821 2135 1002 2213 XIII,
1048 2136 1125 2196 19
1142 2181 1161 2212 ,
1198 2135 1277 2196 40
1292 2181 1312 2211 ,
1347 2156 1517 2215 quem
1548 2157 1655 2217 ego
1685 2138 1951 2196 inustum
1986 2139 2315 2198 verissimis
2344 2140 2775 2201 maledixerun-

816 2241 977 2300 ποιὰ
1011 2239 1238 2298 trudam
1271 2238 1575 2297 hominum
1611 2240 1992 2319 sen-pitanae
2032 2243 2364 2302 memoriae.
2399 2273 2482 2288 —
2515 2243 2597 2303 In
2626 2260 2775 2322 seqq.

821 2364 973 2424 quae
1006 2363 1184 2422 quum
1230 2352 1314 2401 tot
1343 2361 1435 2402 m
1464 2351 1774 2421 tantaeque
1804 2343 1927 2402 sine
1953 2374 2063 2420 —-,
2101 2364 2302 2403 carun·
2332 2377 2445 2421 —-‚
2484 2345 2774 2424 pronomi-

821 2444 917 2506 nis
966 2463 1144 2504 usum
1196 2444 1457 2525 explicat
1511 2443 2009 2525 Stuerenbcrgins
2060 2446 2137 2507 ad
2188 2446 2369 2508 Arch.
2422 2467 2484 2528 p.
2526 2448 2679 2526 139,
2723 2454 2779 2507 et

819 2549 1026 2610 notavi
1060 2568 1242 2628 supra
1267 2568 1328 2627 p.
1362 2546 1515 2624 339,
1555 2545 1633 2606 ad
1669 2548 1811 2628 Cap.
1839 2549 1906 2624 7,
1949 2548 2049 2611 23.
2083 2583 2167 2597 -
2194 2550 2344 2611 Tum
2373 2552 2599 2613 melius
2626 2570 2777 2613 nunc

822 2672 949 2714 eme
999 2659 1177 2731 puto,
1219 2651 1385 2730 quod
1420 2650 1634 2730 optimi
1671 2651 1815 2712 libri
1846 2652 2103 2729 habent,
2135 2654 2211 2714 ab
2244 2653 2375 2730 lais,
2415 2656 2647 2737 quippe
2678 2654 2775 2735 qui

825 2753 1123 2815 efficacius
1156 2750 1601 2812 demonstrandi
1639 2760 1798 2812 sunt.

901 2856 1143 2917 hadom
1176 2854 1411 2934 quidem
1444 2875 1483 2914 a
1516 2866 1571 2914 ts
1599 2858 1869 2937 graviter
1895 2867 1953 2917 et
1979 2856 2134 2937 vm)
2215 2858 2345 2919 Non
2374 2858 2771 2939 spernendum

828 2958 996 3039 quod
1027 2957 1285 3018 mosoma
1316 2956 1602 3035 postulat,
1644 2959 1886 3020 laudato
1921 2980 1991 3019 ec
2032 2960 2268 3039 quidem
2295 2986 2403 3020 -ε
2442 2963 2596 3023 solet
2620 2963 2771 3023 enim

822 3080 1156 3142 pronomen
1188 3060 1492 3140 praemitti
1529 3062 1941 3122 coniunctioni
1985 3063 2241 3143 quidem.
2321 3062 2569 3142 Contra,
2598 3063 2772 3146 proba

826 3173 915 3227 est
962 3165 1144 3226 lectio
1196 3164 1631 3244 plerorumque
1682 3165 2016 3242 librorum,
2072 3186 2317 3245 quorsus
2351 3168 2458 3229 hoc
2487 3171 2771 3249 pertinet,

825 3272 869 3331 i.
904 3289 959 3329 e.
996 3268 1232 3330 laudari
1260 3288 1297 3328 a
1331 3275 1391 3328 te
1425 3268 1804 3348 sapientiam,
1848 3276 1954 3329 aut
1987 3269 2448 3350 philosophiam.

903 3369 948 3451 §
988 3370 1088 3432 63.
1168 3391 1317 3450 quae
1373 3380 1538 3429 tanta
1591 3391 1711 3429 esse
1759 3369 2051 3452 volumus)
2145 3371 2199 3431 1.
2250 3391 2305 3432 e.
2361 3379 2482 3431 tam
2533 3389 2773 3451 magna,

824 3493 1011 3552 quam
1055 3473 1192 3548 illa,
1233 3472 1311 3532 de
1346 3472 1570 3551 quibus
1603 3472 1920 3553 hucusque
1961 3474 2059 3553 effi
2076 3520 2094 3550 ,
2134 3494 2256 3535 non
2287 3475 2504 3555 exigua
2521 3522 2540 3553 ,
2581 3473 2773 3557 qualia

823 3574 1231 3636 iurisconsulti
1267 3575 1629 3635 tractabant:
1672 3575 1831 3636 conf.
1868 3576 2005 3656 Cap.
2044 3577 2114 3653 4,
2160 3577 2255 3638 14.

902 3697 1024 3737 non
1057 3680 1215 3737 enim
1248 3674 1412 3755 sunt)
1490 3677 1624 3737 Non
1658 3678 1775 3736 nisi
1810 3677 2134 3741 deteriores
2170 3682 2293 3741 mei
2326 3680 2554 3742 habent
2585 3690 2771 3755 emat,

825 3788 1035 3842 contra
1086 3781 1204 3841 loci
1250 3780 1606 3841 sententiam
1623 3825 1640 3855 ‚
1698 3788 1766 3841 ut
1818 3791 1985 3863 puto.
2067 3785 2277 3865 Neque
2317 3785 2481 3846 enim
2516 3784 2771 3845 suturam

821 3904 1034 3946 earum
1088 3903 1289 3944 rerum
1345 3882 1827 3962 magnitudinem
1880 3894 1941 3946 et
1994 3887 2345 3965 gravitatem
2409 3884 2774 3966 intelligebat

821 3989 1029 4050 Cicero
1044 4033 1063 4065 ,
1103 3986 1210 4049 sed
1248 3995 1641 4068 praesentem.

895 4113 1157 4173 quaeque
1191 4112 1282 4151 me
1316 4112 1479 4167 eum,
1513 4094 1866 4174 quicumque
1895 4114 2054 4168 sum,
2082 4092 2305 4176 effecit)
2372 4095 2503 4156 Non
2533 4089 2769 4155 memini
