3131 5032
1642 432 1784 506 136

724 637 981 706 plerisque
1008 637 1210 689 inscitie
1242 640 1320 690 10.

722 727 989 798 similique
1018 730 1245 781 instituta
1272 729 1333 780 R.

719 821 917 890 fugitur
943 830 997 872 et
1026 820 1295 872 dissolutio
1325 820 1408 872 10.

718 928 851 979 quae
879 910 1217 964 dissolutione
1246 910 1332 963 39.

710 1014 759 1041 ne
784 1007 882 1042 nata

713 1064 921 1105 naturae
955 1062 1058 1104 ‘nte
1090 1071 1145 1118 y.

760 1141 968 1186 expetitur

712 1190 1020 1258 exprimitur
1049 1207 1082 1252 y
1111 1189 1200 1240 89.

712 1278 854 1348 quod
882 1296 979 1331 nos
1007 1279 1125 1330 120.

711 1373 769 1422 in
802 1388 906 1439 qua
939 1371 1046 1420 nsti
1082 1369 1123 1421 E
1161 1369 1245 1419 10.

709 1461 913 1530 (melis)
951 1459 1038 1513 96.
1087 1449 1093 1456 ’

706 1553 898 1605 dicitur
926 1553 1013 1605 10.
1047 1552 1138 1603 58.

705 1658 819 1698 tum
854 1662 942 1696 sua
969 1644 1240 1713 asperitate
1278 1641 1323 1693 A
1361 1643 1445 1694 10.
1472 1641 1593 1694 127.
1625 1641 1693 1694 V.

702 1749 877 1789 temen
904 1733 1047 1804 quod
1074 1732 1162 1785 39.

704 1846 913 1939 nonii-as
947 1885 1188 1936 imeritus
1219 1902 1272 1946 y.

696 2005 929 2058 videntur
962 2004 1109 2072 sequi
1146 2000 1190 2053 C
1219 2002 1306 2053 39.

697 2108 866 2149 vester
894 2095 1041 2164 sequi
1077 2092 1159 2176 Y..

1116 2231 1147 2297 §
1183 2230 1271 2281 32.

700 2380 909 2440 propter
935 2383 1092 2437 quem
1123 2367 1169 2418 A
1196 2364 1235 2416 B
1260 2365 1305 2415 Ι)
1334 2382 1361 2414 ε
1393 2364 1583 2416 11.39.
1597 2364 1685 2417 47.

767 2461 855 2513 48.
886 2459 973 2511 58.
1003 2458 1090 2511 65.
1121 2456 1206 2509 96.
1235 2455 1355 2509 122.
1386 2455 1505 2508 127.
1537 2455 1599 2508 Β.

691 2620 901 2682 propter
935 2568 1069 2678 {usa
1100 2607 1165 2660 C.

692 2740 905 2801 propter
931 2744 1063 2798 quse
1095 2727 1186 2779 10.
1208 2727 1329 2779 120.

691 2822 988 2875 honestates
1019 2819 1065 2871 A
1097 2817 1137 2869 B
1169 2818 1255 2870 11.

694 2913 759 2965 nd
787 2911 1072 2965 honestatis
1101 2927 1133 2971 r
1162 2908 1250 2960 10.
1278 2906 1368 2960 39.

697 3004 843 3075 (qui)
875 3001 1113 3055 honorati
1143 2999 1229 3051 10.

692 3093 931 3146 honestis
955 3093 1044 3147 68.
1310 3094 1316 3099 “

695 3184 989 3255 (videntur)
1021 3183 1111 3235 10.

694 3278 876 3328 miseri
902 3284 1075 3325 eutem
1096 3270 1339 3322 videntur
1363 3270 1451 3322 10.

691 3379 778 3420 eut
805 3368 899 3437 qui
932 3372 1055 3417 sunt
1082 3362 1146 3414 E.

699 3457 873 3528 (sunt)
942 3453 1152 3523 inglorii
1197 3450 1240 3503 D
1288 3452 1376 3503 47.
1424 3451 1513 3504 96.
1562 3451 1683 3505 122.

764 3550 884 3602 124.
917 3548 1039 3598 126.

694 3640 916 3711 inglorie
945 3638 1012 3689 Δ.
1282 3660 1303 3689 t

691 3731 927 3785 molestie
951 3727 1042 3780 39.

697 3819 1056 3895 (cupiditates)
1089 3817 1132 3869 B
1165 3817 1251 3869 39.

688 3921 903 3970 timores
928 3908 1235 3980 cupiditates
1264 3906 1331 3959 V.

688 4023 860 4061 mores
895 4002 1198 4072 cupiditates
1236 3999 1479 4054 similiter
1511 3999 1630 4052 120.

694 4094 957 4166 (timores)
993 4111 1049 4145 α.

690 4190 878 4264 gloriae
914 4188 998 4238 10.

1773 650 1987 692 terrores
2014 640 2102 695 39.

1767 729 2043 782 hominum
2073 742 2280 785 mentes
2305 736 2392 788 39.
2424 737 2544 791 120.
2571 741 2637 792 V.

1767 832 2045 891 peragunt
2071 821 2136 876 1).

1767 923 2079 981 pernguntur
2106 914 2176 966 10

1767 1016 1835 1052 ne
1864 1003 1908 1052 si
1943 1004 2218 1071 opiniones
2252 1005 2297 1057 A
2330 1008 2373 1060 R
2403 1011 2475 1062 10
2499 1013 2588 1066 39.

1764 1094 1866 1144 nisi
1895 1095 2170 1163 opiniones
2199 1096 2284 1150 11.
2314 1100 2402 1153 66.
2434 1100 2556 1155 127.

1766 1184 1950 1254 (alise)
1985 1185 2070 1238 10.

1761 1291 1893 1343 quse
1923 1287 2095 1329 autem
2125 1279 2254 1331 ratio
2284 1280 2373 1333 58.

1756 1368 2090 1421 eomititstem
2118 1369 2181 1421 Ε.

1757 1461 2180 1512 communitatem
2213 1461 2333 1513 127.
2367 1460 2433 1514 V.

1753 1551 1989 1605 animum
2033 1569 2142 1603 non
2184 1551 2503 1606 beneficenti
2536 1572 2751 1611 memo-

1821 1657 1934 1693 rem
1963 1659 2018 1694 α.

1752 1730 2011 1784 beneficia
2042 1751 2328 1787 memorem
2357 1736 2546 1807 diliget
2574 1739 2637 1791 E.

1753 1822 2132 1877 beneficentiae
2162 1826 2251 1880 10.
2278 1827 2366 1882 89.

1849 1921 2023 1960 beneficii

1750 1970 2128 2024 beneficentiae
2155 1991 2211 2038 γ.

1749 2104 2087 2160 aspernantur
2114 2094 2178 2148 V.

1750 2180 1805 2232 id
1834 2193 2125 2237 extremum
2153 2185 2240 2238 39.
2271 2186 2390 2240 120.
2418 2188 2537 2242 127.
2567 2189 2631 2243 V.

1750 2272 1878 2341 (est)
1911 2275 1998 2326 10.

1745 2365 1941 2418 tutione
1969 2365 2180 2418 vivendi
2208 2368 2295 2421 10.

1744 2454 1962 2505 videndi
1991 2457 2118 2508 ratio
2153 2456 2229 2509 C.-

1745 2546 1893 2615 qnssi
1922 2548 2214 2617 approbetis
2238 2549 2283 2604 C
2308 2571 2364 2618 γ.

1743 2638 1892 2707 qussi
1920 2639 2260 2707 approbentes
2289 2642 2351 2696 Ε.

1740 2729 1888 2796 qussi
1915 2727 2005 2781 10.
2028 2730 2118 2783 39.

1740 2818 2043 2887 approbet-es
2073 2822 2162 2876 10.

1742 2909 2070 2978 approbantis
2104 2913 2192 2965 68.

1740 3000 2081 3068 approbantes
2106 3004 2192 3054 11.

1741 3089 2090 3160 adprobsndis
2122 3094 2213 3148 39.

1740 3197 2018 3252 pergemus
2049 3183 2133 3235 10.

1741 3271 1968 3341 reliquus
2000 3275 2186 3344 inquid
2219 3276 2259 3328 E
2290 3278 2376 3330 11.

1741 3364 1942 3434 relique
1973 3376 2031 3417 ut
2058 3365 2197 3435 quod
2226 3386 2261 3418 α
2294 3369 2378 3422 10.

1742 3465 1802 3507 ut
1827 3455 1958 3524 quid
1987 3476 2043 3521 y.

1742 3545 1968 3616 reliquas
1993 3549 2083 3601 39.

1741 3638 1825 3689 sin
1857 3638 1998 3708 quod
2022 3639 2112 3692 39.

1740 3731 2011 3798 requiretis
2044 3749 2092 3782 ε.

1740 3819 2062 3889 explicemus
2092 3822 2146 3874 id
2180 3825 2269 3877 39.

1741 3911 2059 3981 explicemus
2087 3915 2191 3968 nisi
2217 3915 2416 3986 aliquid
2444 3917 2589 3986 prius
2605 3919 2692 3971 10.
