3131 5032
1408 475 1542 551 107

724 684 848 755 Hos
888 698 1016 761 tren
1041 682 1301 761 Codices
1328 682 1698 759 contulerat
1731 685 2224 777 Oudendorpius
2239 739 2258 770 ,
2307 712 2440 780 quo

633 819 824 868 nemo
866 795 1054 865 facile
1088 794 1457 888 diligentius
1492 794 1692 865 libros
1730 798 1897 866 MSS.
1927 798 2181 869 Latinos
2206 800 2439 871 Biblio-

634 910 861 980 thecae
924 908 1241 976 Leidensis
1313 907 1643 999 usurpavit
1672 960 1690 991 ‚
1769 923 2113 1002 postquam
2181 912 2440 982 Leidam

639 1035 898 1093 venerat
914 1073 932 1104 ‚
995 1020 1255 1112 eiusque
1310 1020 1667 1090 industriae
1718 1021 1997 1114 plurima
2050 1023 2442 1095 documenta

642 1135 903 1228 reliquit
929 1134 1000 1202 in
1020 1133 1493 1204 commentariis
1514 1133 1603 1202 ad
1630 1135 2007 1205 Suetonium
2021 1188 2040 1219 ‚
2078 1150 2146 1207 et
2175 1136 2245 1204 in
2278 1139 2448 1207 curis

639 1247 1093 1342 posterioribus
1141 1247 1229 1316 ad
1279 1246 1681 1318 Frontinum.
1772 1248 2209 1340 Adscripserat
2252 1251 2444 1320 colla-

642 1362 883 1433 tionem
940 1361 1011 1429 in
1072 1360 1360 1453 margine
1419 1360 1689 1453 exempli
1744 1362 2086 1444 Davisiani,
2150 1364 2331 1455 quod
2379 1364 2451 1433 in

639 1474 1034 1544 Bibliotheca
1077 1486 1363 1542 servatur
1379 1525 1399 1557 ,
1443 1496 1652 1566 eaque
1676 1487 1907 1566 quater
1934 1475 2147 1544 utitur
2177 1476 2265 1544 ad
2296 1480 2450 1547 Sue·

643 1586 934 1670 tonium,
977 1587 1248 1677 August.
1269 1591 1376 1655 65.
1396 1584 1559 1655 ibid.
1595 1591 1701 1655 73.
1730 1586 1936 1655 Tiber.
1969 1592 2074 1656 11.
2102 1602 2171 1656 et
2198 1592 2449 1681 vespas.

649 1706 766 1770 19:
818 1724 859 1770 e
898 1698 1135 1791 quibus
1180 1697 1835 1768 animadversionibus
1887 1714 2275 1790 postremam
2294 1752 2313 1783 ‚
2367 1703 2454 1773 ad

642 1816 835 1908 Legg.
883 1816 1005 1896 111,
1059 1820 1172 1896 19,
1224 1817 1339 1896 45,
1389 1812 1673 1904 neglexit
1702 1812 2116 1896 Goerenzius‚
2163 1813 2234 1882 in
2267 1817 2455 1885 tertia

643 1925 1209 1997 commemoranda
1256 1924 1465 2017 lapsus
1513 1938 1610 1993 est
1628 1975 1646 2007 ,
1702 1948 1908 2016 quum
1953 1925 2179 1995 scribit
2194 1978 2213 2009 ‚
2261 1928 2348 1997 ad
2390 1932 2456 2011 1,

653 2045 732 2122 4,
803 2043 924 2121 14,
989 2038 1295 2109 Oudend.
1357 2038 1445 2106 ad
1493 2040 1759 2108 Sueten.
1812 2040 2044 2109 Neron.
2103 2044 2218 2107 12:
2265 2064 2461 2132 quam

647 2152 971 2223 referendi
1034 2151 1496 2244 negligentiam
1542 2150 1990 2242 imprudentes
2046 2152 2252 2222 secuti
2306 2169 2466 2223 sunt

648 2265 1000 2359 Madvigius
1040 2264 1113 2332 in
1153 2264 1525 2333 Emendatt.
1559 2287 1626 2355 p.
1664 2268 1728 2332 6.
1762 2277 1830 2332 et
1863 2264 2132 2334 Orellius
2159 2267 2246 2334 ad
2276 2265 2464 2336 illum

652 2378 899 2449 locum:
960 2400 1114 2446 nam
1165 2380 1439 2448 Moserus
1455 2428 1473 2459 ‚
1529 2399 1926 2468 quamquam
1974 2401 2213 2470 magno
2248 2379 2469 2450 labore

656 2489 985 2586 quidquid
1035 2505 1197 2560 esset
1250 2489 1632 2562 variantium
1685 2489 2039 2561 lectionum
2085 2493 2430 2564 corradens
2448 2547 2466 2577 ,

653 2603 1214 2696 Oudendorpianis
1245 2626 1563 2696 nusquam
1580 2628 1749 2680 ,usus
1781 2618 1897 2675 est.

654 2718 864 2788 Codex
889 2716 1224 2790 Vossianus
1254 2717 1474 2810 (Catal.
1499 2740 1569 2807 p.
1603 2721 1756 2786 384.
1785 2731 1881 2786 n·.
1921 2716 2099 2808 100.)
2131 2718 2471 2789 continens

656 2829 851 2900 libros
866 2831 969 2899 De
982 2833 1276 2922 Legibus
1288 2880 1306 2911 ‚
1322 2829 1490 2926 foliis
1508 2833 1615 2911 48,
1631 2829 1840 2898 forma
1866 2844 2125 2920 quarta:
2155 2834 2472 2902 membra·

663 2966 922 3025 naoeus,
948 2940 1329 3011 nitidissime
1345 2941 1718 3010 sedrecenti
1734 2964 1930 3010 manu
1954 2941 2254 3033 scriptus,
2281 2945 2471 3014 addi-

665 3055 874 3146 tisque
907 3076 1323 3146 personarum
1355 3053 1623 3123 indiciis.
1715 3055 1793 3121 In
1825 3054 2043 3122 fronte
2071 3054 2470 3126 inscribitur:

659 3169 784 3237 Eae
825 3169 1217 3235 bibliotheca
1250 3170 1311 3236 I.
1348 3169 1640 3235 Has-alti
1680 3168 2091 3234 baianum-ia·
2128 3192 2226 3234 em
2263 3195 2307 3236 a
2342 3171 2474 3237 Ca-

662 3284 862 3349 millo
916 3284 1228 3350 Graecia„
1319 3279 1655 3350 Profectus
1684 3278 1791 3348 hic
1840 3279 2004 3348 liber
2050 3302 2180 3350 esse
2220 3281 2479 3351 videtur

663 3396 750 3464 ab
777 3370 1067 3486 exemplo
1099 3393 1269 3462 male
1311 3393 1532 3463 sedulo
1561 3407 1849 3465 correcto
1869 3445 1888 3475 ,
1932 3406 2002 3462 et
2032 3391 2166 3462 eius
2193 3395 2473 3488 geneiis,

666 3508 847 3578 unde
874 3507 1120 3576 multae
1148 3506 1459 3575 editiones
1486 3507 1838 3575 fluxerunt.

665 3621 878 3691 Codex
911 3618 1355 3688 Perizonianus
1387 3618 1607 3712 (Catal.
1634 3621 1865 3689 XVIII.
1900 3632 1993 3686 n0.
2023 3619 2159 3712 25.)
2184 3623 2477 3694 continet

670 3736 771 3803 De
800 3735 1063 3828 Officiis
1102 3730 1287 3801 initio
1335 3745 1749 3815 truncatum,
1795 3736 1899 3801 De
1927 3736 2249 3818 Finibus,
2295 3737 2477 3805 Aca-

668 3837 1074 3915 amisorum
1121 3847 1382 3913 poster.
1438 3847 1554 3913 lib.
1598 3847 1657 3914 I.
1713 3846 1890 3938 (falsa
1936 3844 2344 3940 inscriptione
2373 3851 2478 3917 De

665 3963 919 4044 fim‘lme
968 3961 1314 4028 Bonorum
1370 3972 1436 4024 et
1490 3957 1843 4027 Malorum
1886 3963 2208 4049 quaedam
2258 3963 2481 4029 Tullii

673 4069 915 4162 oratio)
933 4125 950 4154 ,
1016 4073 1430 4140 Tusculanae
1448 4124 1466 4153 ,
1530 4073 1636 4141 De
1679 4073 1955 4143 Natura
1994 4077 2288 4142 Deorum
2305 4128 2321 4157 ,
2381 4078 2484 4143 De

673 4188 1144 4264 Divinatione,
1194 4187 1296 4252 De
1327 4187 1527 4267 Fato,
1578 4189 1679 4253 De
1710 4188 2036 4278 Legibus,
2072 4187 2304 4277 quibus
2334 4189 2481 4257 sub·
