3131 5032
1292 466 1382 541 15

350 692 829 782 conspectum
872 683 1232 753 excitavit:
1289 695 1442 751 tum
1489 681 1798 778 speciem
1842 681 1938 752 ita
1970 679 2306 755 formavit

348 806 527 891 oriS,
552 814 637 873 ut
669 803 746 870 in
780 824 868 872 ea
890 803 1176 899 penitus
1209 797 1623 871 reconditos
1647 823 1881 871 mores
1910 797 2308 900 effingeret.

349 926 536 995 Nam
568 932 641 991 et
665 922 860 991 oculi
888 921 1098 989 nimis
1122 922 1391 1017 arguti,
1423 918 2034 1015 quemadmodum
2066 926 2310 993 animo

350 1040 598 1113 affecti
649 1042 875 1113 simus
901 1045 924 1085 ¹
985 1037 1421 1134 loquuntur:
1473 1053 1547 1110 et
1595 1042 1684 1129 is,
1735 1043 1866 1135 qui
1911 1040 2312 1140 appellatur

350 1160 627 1249 vultus,
671 1162 803 1256 qui
835 1157 1036 1229 nullo
1071 1161 1146 1227 in
1184 1161 1543 1229 animante
1576 1183 1728 1243 esse
1761 1174 2047 1256 praeter
2078 1159 2313 1231 homi-

355 1305 527 1353 nem
572 1292 845 1380 potest,
904 1275 1171 1348 indicat
1218 1302 1455 1349 mores
1480 1293 1545 1368 ²3
1611 1282 1815 1351 cuius
1863 1283 2009 1350 vim
2057 1284 2315 1353 Graeci

350 1415 664 1489 norunt,
727 1421 997 1468 nomen
1060 1400 1360 1468 omnino
1420 1422 1570 1469 non
1631 1397 1923 1471 habent.
2031 1403 2312 1471 Omitto

353 1521 936 1619 opportunitates
1002 1515 1556 1614 habilitatesque
1628 1517 1888 1615 reliqui
1948 1522 2273 1617 corporis
2288 1571 2309 1611 ,

356 1640 928 1712 moderationem
958 1640 1185 1727 vociS,
1235 1640 1583 1708 orationis
1611 1641 1793 1727 vim,
1843 1662 2030 1735 quae
2076 1643 2316 1710 conci-

360 1758 589 1831 liatrix
650 1771 757 1829 est
820 1756 1177 1827 humanae
1232 1758 1539 1827 maxime
1598 1760 1992 1829 societatis:
2069 1782 2313 1855 neque

359 1883 554 1953 enim
582 1880 826 1949 omnia
852 1889 1019 1947 sunt
1047 1875 1265 1946 huius
1296 1874 1800 1974 disputationis
1827 1901 1911 1949 ac
1935 1882 2310 1976 temporis,

356 2014 426 2073 et
472 1998 677 2070 hunc
728 1996 971 2068 locum
1014 1999 1218 2085 satiS,
1269 2010 1353 2066 ut
1403 1995 1583 2067 mihi
1628 1996 1943 2086 videtur,
1992 2001 2068 2067 in
2108 2000 2194 2068 iis
2234 1997 2315 2068 li-

356 2120 540 2210 bris,
575 2141 767 2215 quos
796 2115 1091 2212 legistis,
1126 2119 1472 2214 expressit
1502 2120 1759 2215 Scipio,
1859 2119 2098 2208 Nunc,
2132 2142 2316 2214 quo·

356 2244 553 2311 niam
625 2235 1035 2326 hominem,
1105 2234 1307 2332 quod
1368 2239 1806 2335 principium
1872 2236 2313 2334 reliquarum

358 2379 601 2430 rerum
637 2377 794 2425 esse
823 2352 1085 2442 voluit,
1114 2357 1476 2450 generavit
1508 2367 1581 2424 et
1610 2354 2122 2445 ornavitdeus,
2156 2380 2315 2454 per·-

357 2480 693 2578 spicuum
739 2476 833 2544 sit
880 2470 1083 2563 illud,
1125 2496 1219 2544 ne
1268 2476 1509 2546 omnia
1559 2472 2029 2567 disserantur,
2081 2478 2312 2575 ipsam
2337 2523 2366 2542 ,κ

354 2622 487 2697 per
540 2619 619 2666 se
681 2607 1011 2665 naturam
1070 2592 1355 2689 longius
1400 2596 1768 2693 progredi,
1821 2621 2006 2693 quae
2057 2601 2308 2688 etiam,

360 2715 561 2785 nullo
592 2712 932 2800 docente,
969 2708 1291 2810 profecta
1314 2711 1408 2784 ab
1443 2716 1559 2802 iis,
1599 2737 1915 2809 quorum
1951 2738 2039 2785 ex
2075 2717 2310 2813 prima

365 2847 440 2905 et
471 2830 797 2902 inchoata
826 2829 1294 2928 intelligentia
1328 2853 1590 2926 genera
1625 2836 1996 2928 cognovit,
2048 2831 2311 2904 confir-

362 2964 514 3041 mat
553 2954 700 3048 ipsa
734 2973 864 3048 per
903 2973 980 3020 se
1012 2952 1366 3019 rationem
1404 2963 1478 3021 et
1512 2948 1816 3047 perficit.

452 3075 599 3143 Att.
647 3073 764 3141 Dii
795 3066 1265 3158 immortaleS,
1298 3092 1514 3165 quam
1548 3083 1635 3139 tu
1651 3069 1927 3165 longe
1905 3072 2084 3140 iuris
2113 3072 2308 3169 prin·

357 3195 544 3290 cipia
601 3191 898 3288 repetis,
961 3202 1181 3285 atque
1230 3191 1357 3278 ita,
1426 3202 1509 3259 ut
1561 3213 1697 3287 ego
1747 3214 1896 3260 non
1948 3188 2167 3261 modo
2215 3190 2308 3263 ad

358 3311 471 3384 illa
528 3334 678 3382 non
741 3331 1156 3406 properem,
1215 3332 1402 3404 quae
1461 3307 1960 3406 exspectabam
2011 3334 2054 3382 a
2099 3323 2171 3382 te
2217 3310 2308 3382 de

360 3434 510 3503 iure
555 3427 776 3517 civili,
827 3426 954 3499 sed
985 3424 1188 3499 facile
1221 3430 1447 3524 patiar
1477 3441 1548 3498 te
1586 3427 1783 3500 hunc
1819 3428 2008 3501 diem
2050 3429 2161 3501 vel
2201 3442 2309 3502 to-

361 3563 512 3621 tum
542 3553 621 3620 in
654 3551 796 3618 isto
829 3572 1160 3619 sermone
1192 3570 1648 3618 consumere:
1700 3562 1869 3619 sunt
1901 3553 2094 3620 enim
2129 3548 2310 3622 haec

358 3674 657 3758 maiora,
707 3692 894 3765 quae
938 3667 1244 3740 aliorum
1284 3692 1493 3740 causa
1530 3666 1832 3741 fortasse
1884 3668 2309 3767 complecte-

334 3792 487 3878 ·ris,
545 3812 771 3886 quam
811 3791 961 3886 ipsa
999 3787 1117 3860 illa
1155 3811 1473 3885 quorum
1528 3786 1706 3860 haec
1757 3813 1966 3860 causa
2016 3812 2311 3888 praepa-

368 3924 634 3981 rantur.
760 3911 854 3978 M.
932 3912 1113 3979 Sunt
1165 3905 1345 3979 haec
1402 3906 1700 4003 quidem
1757 3931 2049 4006 magna,
2120 3932 2308 4004 quae

372 4079 417 4088 -ι
444 4085 455 4086 x

428 4180 442 4212 ¹
482 4190 678 4224 sumus.
751 4176 773 4211 ²
811 4190 910 4224 om.
947 4188 1138 4224 mores.
1176 4215 1193 4228 ,

2379 928 2468 984 2⁷.

2372 3077 2463 3304 ,ζμ
