3131 5032
602 1524 692 1587 68·

1692 473 1791 547 34

775 669 1126 743 consolari
1161 660 1387 769 possit
1412 665 1745 756 afflictos,
1771 665 2102 763 factaque
2130 679 2202 738 et
2231 667 2558 740 consulta
2581 665 2729 741 for-

769 795 954 862 tium
1002 804 1075 861 et
1128 791 1557 888 sapientium
1593 811 1759 859 cum
1792 786 2293 886 improborum
2331 789 2726 885 ignominia

766 913 1220 1011 sempiternis
1273 909 1762 979 monumentis
1812 906 2142 1007 prodere.
2234 909 2436 999 Quae
2488 932 2722 1004 quum

764 1045 877 1103 tot
938 1054 1050 1102 res
1107 1043 1490 1125 tantaeque
1548 1030 1723 1118 sint,
1778 1051 1964 1124 quae
2020 1030 2253 1099 inesse
2304 1031 2381 1098 in
2420 1026 2720 1101 homine

762 1152 1291 1249 perspiciantur
1337 1146 1431 1221 ab
1480 1152 1567 1219 iis
1615 1152 1744 1245 qui
1777 1172 1852 1220 se
1890 1151 2028 1247 ipsi
2064 1146 2292 1219 velint
2329 1172 2572 1239 nosse,
2606 1174 2719 1222 ea-

761 1294 926 1341 rum
960 1294 1217 1371 parens
1254 1283 1360 1341 est
1389 1267 1901 1364 educatrixque
1932 1270 2300 1365 sapientia.
2357 1271 2501 1341 Att.
2530 1273 2718 1340 Lau·

759 1387 924 1462 data
972 1390 1268 1488 quidem
1308 1414 1350 1461 a
1388 1403 1459 1460 te
1493 1392 1804 1485 graviter
1839 1402 1911 1460 et
1946 1410 2133 1458 vere.
2217 1385 2353 1458 Sed
2403 1412 2716 1484 quorsus

759 1510 901 1583 hoc
938 1509 1349 1610 pertinen?
1418 1514 1514 1581 M.
1549 1512 1869 1579 Primum
1904 1506 1994 1580 ad
2027 1533 2109 1580 ea
2131 1560 2152 1602 ,
2191 1511 2581 1607 Pomponi,
2620 1507 2714 1579 de

757 1628 1025 1727 quibus
1078 1633 1307 1701 acturi
1357 1633 1499 1701 iam
1544 1652 1824 1717 sumuS,
1868 1651 2052 1724 quae
2089 1640 2288 1699 tanta
2324 1650 2476 1697 esse
2507 1625 2715 1698 volu-

756 1773 952 1820 mus:
992 1774 1141 1821 non
1181 1752 1374 1820 enim
1407 1761 1576 1820 sunt
1608 1765 1673 1839 ²,
1723 1751 1862 1818 nisi
1898 1773 1982 1820 ea
2020 1745 2324 1837 fuerint,
2361 1745 2556 1818 unde
2591 1746 2710 1819 illa

756 1882 1079 1958 manant,
1111 1868 1560 1967 amplissima.
1613 1865 1889 1939 Deinde
1916 1864 2102 1938 facio
2130 1880 2202 1938 et
2232 1865 2576 1957 libenter,
2605 1881 2707 1958 et,

756 2000 843 2058 ut
878 2010 1125 2085 spero,
1174 2001 1402 2078 recte,
1447 1987 1649 2084 quod
1685 2011 1841 2058 eam
1890 1990 2095 2059 cuius
2135 1985 2377 2057 studio
2415 1999 2705 2077 teneor,

759 2129 1097 2204 quaeque
1129 2130 1244 2177 me
1290 2132 1486 2198 eum,
1524 2109 1971 2204 quicumque
2010 2132 2200 2195 sum,
2241 2104 2517 2197 effecit,
2554 2130 2705 2177 non

757 2228 1051 2324 possum
1095 2224 1380 2297 silentio
1426 2228 1837 2324 praeterire.
1928 2229 2071 2296 Att.
2122 2229 2314 2297 Vero
2358 2221 2532 2296 facis
2573 2236 2646 2295 et
2675 2233 2704 2274 ⁸

759 2348 1020 2416 merito
1044 2359 1117 2417 et
1143 2348 1296 2444 ipse
1316 2344 1600 2444 fuitque
1619 2345 1723 2438 id,
1751 2360 1833 2417 ut
1853 2344 2029 2418 dicis
2047 2396 2069 2435 ‚
2101 2348 2176 2417 in
2207 2344 2350 2417 hoc
2373 2369 2710 2420 sermone

758 2462 1196 2537 faciundum.

827 2736 845 2772 ¹
882 2731 1009 2788 Ιιιοο
1040 2734 1322 2806 pertinent.
1390 2735 1416 2774 ¹
1451 2744 1621 2789 emm.
1692 2737 1717 2774 ³
1750 2733 1914 2789 Vero:
1952 2732 2078 2788 facis
2109 2744 2183 2789 ot.
