3131 5032
824 450 953 513 624
1475 448 1618 518 Lm.
1662 447 1789 533 111,
1841 453 1959 534 11,
2006 453 2115 519 25.

811 656 1112 730 incidor&
1162 655 1325 716 conf.
1374 654 1572 716 Beier.
1618 654 1700 716 ad
1737 654 1903 717 Offic.
1935 656 1998 733 1,
2033 656 2104 735 9,
2144 657 2247 720 28.
2327 660 2448 721 Sed
2492 661 2783 725 hocloco

812 760 995 820 stulte
1027 759 1499 839 distingueretur
1532 759 1861 820 tribunicia
1884 769 2142 839 potestas
2172 782 2208 823 a
2242 762 2580 827 tribunatu.
2635 765 2783 827 Sen-

810 883 909 923 sus
955 872 1074 924 est=
1132 883 1266 924 mea
1314 882 1493 923 causa
1542 862 1761 922 incidit
1808 863 1877 922 in
1919 883 1993 923 ea
2043 873 2351 945 tempora,
2402 868 2629 948 quibus
2671 859 2781 930 ills

807 975 1095 1045 potestas,
1137 985 1250 1045 per
1289 964 1643 1044 Pompeium
1678 966 1985 1042 restituta,
2026 967 2285 1046 vigebat.

885 1091 1010 1129 noa
1049 1070 1210 1128 enim
1234 1068 1430 1148 plebes
1468 1069 1728 1128 incitata
1760 1070 1981 1129 nostris
2016 1070 2186 1129 rebus
2218 1071 2475 1152 invidit)
2549 1072 2649 1132 Sic
2680 1074 2775 1132 in·

805 1173 1034 1233 sidiam
1066 1171 1261 1250 plebis
1292 1170 1474 1230 fuisse
1508 1178 1690 1248 negat
1721 1190 1833 1250 pro
1868 1171 2027 1231 Sext.
2058 1171 2170 1249 30,
2208 1173 2310 1235 64.
2345 1173 2451 1234 fin.
2520 1174 2594 1234 Et
2618 1176 2776 1237 inei·

803 1286 927 1334 tare
960 1275 1204 1353 proprie
1229 1274 1293 1332 in
1325 1272 1441 1333 hac
1469 1293 1538 1332 re
1565 1272 1821 1349 dicitur,
1852 1274 2009 1333 sicut
2040 1274 2198 1335 infra
2227 1274 2272 1357 §
2298 1275 2382 1338 26
2409 1278 2470 1336 si
2486 1278 2772 1357 populun

800 1379 1127 1442 incitasset.
1237 1375 1637 1436 Goerenzium
1658 1421 1676 1449 ,
1745 1375 1914 1455 quod
1975 1396 2114 1438 mox
2167 1380 2419 1438 servitia
2471 1383 2773 1441 concitata

803 1478 1069 1554 mavult,
1127 1499 1250 1539 non
1300 1477 1686 1557 reprehendo
1731 1478 1984 1557 quidem
1999 1524 2018 1555 ,
2082 1479 2189 1540 sed
2258 1480 2507 1542 otiosam
2567 1490 2771 1544 tamen

802 1581 1080 1642 existimo
1135 1600 1259 1640 esse
1306 1581 1761 1641 correctionem.
1842 1579 2126 1641 Potuerat
2175 1581 2270 1642 uti
2304 1581 2403 1642 his
2444 1584 2736 1664 exempl'u
2747 1629 2771 1660 ,

799 1685 959 1745 Sext.
993 1684 1102 1760 24,
1144 1683 1245 1744 63.
1286 1683 1478 1743 Flacc.
1516 1682 1586 1759 2,
1626 1681 1687 1742 3.
1722 1690 1783 1742 et
1818 1682 1890 1758 3,
1931 1683 2005 1745 6:
2061 1702 2204 1744 nam
2248 1685 2418 1764 quod
2457 1685 2538 1746 ad
2571 1686 2765 1748 Pisen.

798 1787 870 1866 4,
912 1787 984 1864 9,
1024 1787 1267 1862 attinet,
1325 1786 1591 1844 multum
1636 1785 1803 1844 abest
1838 1793 1909 1844 ut
1952 1785 2042 1845 ibi
2078 1796 2243 1848 recte
2278 1791 2578 1850 concitata
2609 1790 2767 1869 leffi-

797 1900 928 1966 tur,
970 1889 1079 1950 ubi
1120 1887 1556 1968 exspectaveris
1594 1895 1762 1947 certe
1800 1892 2079 1969 conflata.

877 2013 1013 2053 cum
1037 1993 1147 2051 illa
1163 2003 1286 2051 tum
1301 2002 1467 2072 peste
1498 2001 1791 2050 certamen
1801 1987 1968 2071 snit)
2026 1991 2530 2071 Wyttenbachius
2544 2006 2761 2075 peste-s

794 2094 1228 2172 interpretatur
1278 2095 1477 2173 ipsum
1532 2092 1850 2169 Clodium3
1909 2112 2179 2172 quocum
2221 2103 2427 2157 tamen
2458 2107 2762 2159 certamen

792 2197 907 2257 sibi
942 2197 1131 2256 fuisse
1154 2194 1329 2255 nullo
1365 2194 1547 2254 modo
1584 2213 1809 2272 negare
1845 2204 2083 2273 poterat
2115 2197 2344 2259 Cicero.
2403 2199 2760 2262 Goerenzius

791 2300 986 2360 multa
1039 2299 1252 2359 miscet
1304 2297 1699 2356 diversissima
1719 2342 1738 2372 ‚
1808 2317 2071 2376 quorum
2122 2300 2281 2360 nihil
2334 2321 2463 2362 esse
2521 2304 2756 2364 videtur

790 2402 957 2482 quod
990 2422 1115 2461 non
1149 2400 1568 2479 amplectatur.
1624 2398 1899 2460 Primum
1926 2421 2049 2461 uon
2077 2403 2587 2466 contemnendam
2612 2405 2757 2465 dicit

790 2527 916 2568 esse
966 2506 1217 2567 alteram
1271 2504 1594 2564 lectionem
1614 2549 1633 2580 ,
1689 2524 1824 2563 cum
1873 2505 1986 2564 illa
2037 2516 2400 2587 tempestate,
2442 2518 2507 2569 et
2536 2510 2755 2589 pariter

790 2620 1181 2690 tempestatem
1231 2608 1519 2686 distingui
1549 2627 1588 2668 a
1617 2618 1893 2687 temporo,
1935 2606 2199 2688 Philipp.
2238 2609 2348 2669 vn
2367 2657 2385 2687 ,
2428 2612 2505 2687 2,
2545 2613 2606 2674 7:
2645 2611 2752 2673 sed

787 2723 1093 2793 tempestas
1128 2711 1691 2792 formidolosissimi
1741 2713 2018 2791 temporis
2070 2732 2261 2791 quum
2316 2712 2581 2791 dicitur,
2629 2735 2751 2776 non

788 2816 1247 2894 distinguuntur
1291 2813 1433 2887 illa,
1483 2811 1590 2871 sed
1626 2812 1691 2870 in
1728 2832 1913 2872 unam
1949 2815 2256 2874 notionem
2292 2816 2751 2879 contrahuntur.

786 2919 935 2978 Tum
970 2920 1163 2998 pestis
1209 2935 1403 2995 aeque
1456 2915 1613 2974 bene
1669 2914 1791 2973 dici
1841 2916 2176 2976 contendit.
2266 2918 2418 2993 Sed,
2474 2920 2525 2978 si
2568 2922 2750 3000 pestis

787 3019 1058 3080 absolute
1107 3018 1366 3093 dicitur,
1411 3025 1478 3076 ut
1512 3037 1626 3095 pro
1666 3018 2003 3077 calamitate
2033 3018 2138 3093 sit,
2177 3019 2404 3079 iterum
2440 3040 2749 3101 perperam

785 3123 1184 3202 distinguitur
1212 3142 1246 3181 a
1284 3135 1532 3201 tempore
1560 3123 1922 3203 gravissimo
1954 3123 2044 3180 rei
2066 3143 2173 3202 ρ..
2211 3123 2261 3182 si
2302 3124 2548 3185 Clodius
2580 3125 2749 3185 intel·

785 3228 1031 3307 ligitur,
1080 3226 1432 3305 requiretur
1466 3223 1738 3283 adiectus
1769 3224 2098 3303 genitivus,
2160 3246 2216 3285 v.
2250 3245 2306 3287 c.
2343 3230 2607 3307 patriae,
2647 3234 2748 3287 aut

787 3332 1087 3405 civitatis,
1158 3337 1222 3388 et
1269 3328 1388 3387 erit
1437 3326 1602 3386 idem
1657 3326 1872 3386 vitium
1927 3328 2401 3405 interpretandi,
2466 3328 2532 3388 in
2586 3327 2748 3408 quod

786 3431 1292 3513 wyttenbachius
1327 3429 1651 3489 inciderat:
1694 3450 1837 3489 vere
1861 3430 2027 3489 enim
2061 3430 2175 3489 sibi
2207 3449 2349 3489 cum
2381 3430 2585 3491 Clodio
2615 3439 2741 3489 tum

786 3557 915 3597 rem
965 3536 1174 3609 fuisse,
1236 3533 1454 3593 diserte
1507 3540 1569 3591 et
1620 3541 1828 3592 ornate
1872 3534 2256 3612 persequitur
2300 3534 2459 3594 Sext.
2501 3534 2609 3610 17,
2645 3532 2742 3595 39.

783 3639 983 3699 Restat
1030 3646 1100 3697 ut
1122 3649 1287 3717 peste
1323 3644 1524 3696 ortum
1562 3644 1846 3713 putemus
1883 3656 1957 3695 ex
1996 3656 2141 3695 vero
2165 3648 2485 3716 potestate.-
2537 3646 2601 3697 ct
2633 3637 2743 3698 hoc

784 3749 904 3802 tota
952 3739 1276 3819 disputatio
1326 3737 1589 3816 flagitat:
1646 3757 1888 3798 omnem
1940 3738 2109 3799 illius
2153 3740 2299 3799 anni
2347 3740 2741 3801 calamitatem

783 3844 1078 3905 tribuerat
1113 3841 1372 3917 Quintus
1405 3841 1774 3917 tribunatui,
1818 3841 1958 3920 Cap.
1995 3841 2068 3918 9,
2109 3842 2216 3919 215
2274 3844 2378 3903 cui
2415 3843 2533 3904 hoc
2566 3863 2742 3923 oppo-

785 3948 878 4007 nit
921 3947 1147 4007 Marcus
1163 3992 1180 4021 ‚
1239 3965 1360 4005 non
1411 3944 1524 4003 sibi
1571 3952 1877 4004 certamen
1916 3965 2050 4005 cum
2083 3946 2193 4006 illa
2221 3958 2509 4026 potestate
2546 3946 2743 4008 fuisse.

657 4091 664 4094 ι
785 4051 921 4110 Alio
975 4049 1154 4110 modo
1205 4048 1368 4109 idem
1425 4047 1634 4113 vocab.
1685 4056 2039 4125 corruptum
2091 4055 2181 4108 est
2235 4048 2301 4108 in
2349 4050 2593 4128 Lagom.
2643 4049 2740 4112 39.

785 4151 940 4210 infra
983 4150 1025 4229 ς
1063 4150 1174 4209 26:
1221 4156 1350 4208 tum
1398 4147 1645 4207 confusa
1683 4149 2072 4227 reperiuntur
2115 4148 2280 4213 Verr.
2316 4149 2392 4224 V,
2434 4152 2553 4225 62,
2600 4152 2740 4226 162,
