3131 5032
1183 408 1327 474 Lm.
1372 407 1435 492 1,
1486 413 1601 492 14,
1649 410 1755 479 40.
2307 416 2434 481 393

558 638 783 698 poena,
821 636 942 673 non
971 611 1210 694 natura)
1290 614 1579 675 Salustius
1611 613 1892 693 Iugurth.
1928 616 1968 675 C
1990 661 2008 691 ,
2030 620 2098 692 5,
2117 618 2442 680 Modus—

481 723 704 802 pudore
747 722 941 802 magis
993 739 1171 798 quam
1218 719 1371 777 malo
1424 720 1744 779 exercitum
1791 721 2114 781 coercebat:
2166 722 2273 782 ubi
2321 723 2443 783 vid.

490 824 718 904 Inttpp.
759 824 962 882 Livius
997 823 1058 898 1,
1102 822 1216 898 21,
1263 821 1290 880 l
1310 868 1327 898 ‚
1370 820 1447 880 de
1479 821 1710 882 Numae
1742 823 2054 899 institutis,
2095 837 2161 885 ut
2181 828 2340 906 fides
2374 848 2446 886 αο

489 927 937 1001 iusiurandum,
989 926 1262 1006 proximo
1314 926 1505 1006 legum
1552 946 1624 985 ac
1647 947 1974 1006 poenarum
2006 942 2161 989 mem
2175 976 2194 1005 ,
2237 933 2448 990 civita·

490 1041 604 1089 tem
654 1041 941 1112 regerem:
999 1029 1063 1087 in
1116 1029 1337 1108 quibus
1389 1049 1510 1087 non
1557 1028 1866 1107 probanda
1917 1030 2157 1092 videtur
2190 1033 2450 1093 Douiatii

488 1130 937 1211 interpretatio,
1016 1150 1349 1210 verumque
1408 1131 1607 1209 potius
1672 1131 1889 1192 vidisse
1946 1135 2100 1193 mihi
2165 1135 2450 1195 videntur

487 1233 756 1293 Nannius
785 1243 847 1293 et
869 1233 1202 1293 Gronovius
1222 1278 1238 1306 ,
1280 1232 1388 1290 ille
1408 1252 1522 1311 pro
1557 1234 1686 1312 ipso
1702 1278 1720 1309 ‚
1762 1234 1865 1294 hie
1881 1254 1996 1314 pro
2027 1257 2278 1313 summo,
2311 1256 2450 1295 cor-

488 1338 778 1416 rigentes:
822 1337 1117 1397 sententia
1148 1342 1311 1394 certe
1347 1354 1469 1393 non
1489 1338 1802 1414 proximo,
1842 1336 1949 1396 sed
1966 1359 2080 1418 pro
2115 1337 2392 1418 requirit.

568 1461 814 1520 quorum
867 1451 1061 1498 tamen
1113 1457 1281 1496 nemo
1326 1468 1407 1481 —-
1462 1439 1590 1497 iure
1640 1440 1842 1517 aliquo
1876 1439 2196 1520 quaereret)
2273 1439 2447 1516 Quod

486 1542 698 1621 optimi
759 1541 900 1599 libri
963 1539 1218 1614 habent,
1289 1538 1590 1613 abnuerit,
1658 1539 1940 1598 vitiosum
2006 1560 2129 1600 esse
2187 1550 2449 1619 arguunt

486 1645 798 1723 sequentia
829 1642 1186 1722 Imperseeta
1210 1640 1489 1723 (fingeret
1514 1649 1576 1700 et
1605 1639 1947 1721 quaereret.)
2025 1643 2100 1701 In
2127 1643 2294 1706 Leid.
2312 1644 2352 1703 C
2372 1644 2446 1722 E,

483 1768 598 1827 pro
648 1748 924 1806 abnueret
970 1752 1058 1804 est
1114 1745 1183 1805 ob
1223 1747 1546 1804 iniuriam.-
1588 1744 1692 1804 sed
1724 1744 1839 1805 hoo
1872 1746 2071 1824 ipsum
2101 1747 2450 1810 continetur

482 1852 557 1910 iis
588 1870 748 1929 quae
779 1849 1215 1923 subiiciuntur,
1246 1850 1348 1907 sui
1376 1848 1594 1907 doloris
1627 1869 1866 1908 causam
1894 1849 2447 1932 alr'quamfingeret.

480 1954 753 2029 Scilicet,
798 1952 1206 2011 maleficorum
1241 1950 1467 2029 duplex
1503 1952 1862 2029 proponitur
1901 1950 2200 2012 defensio:
2244 1953 2341 2012 vel
2377 1960 2445 2012 ut

477 2062 702 2134 negent
752 2053 978 2113 sactum
997 2098 1014 2126 ‚
1072 2051 1173 2110 vel
1208 2059 1274 2111 ut
1310 2051 1445 2110 iure
1477 2050 1706 2110 factum
1746 2051 2135 2112 contendant:
2179 2073 2444 2132 quorum
2546 2070 2547 2073 ’

478 2159 771 2238 posterius
804 2155 1032 2216 indicio
1070 2164 1157 2215 est
1193 2155 1346 2232 ipsos
1389 2174 1635 2234 quoque
1673 2163 1888 2215 natura
1924 2157 2011 2215 uti
2045 2156 2123 2215 ad
2155 2158 2308 2217 iuste
2343 2156 2445 2217 in-

480 2262 758 2340 iusteque
790 2260 947 2320 sacta
980 2257 1425 2337 distinguenda.
1503 2255 1591 2317 De
1630 2258 1744 2318 hao
1779 2259 2202 2320 distributione
2237 2260 2443 2321 defen·

479 2366 717 2426 sionum
749 2364 977 2424 multus
1012 2370 1100 2422 est
1136 2362 1370 2437 Cicero,
1412 2361 1606 2421 veluti
1637 2363 1796 2422 Orat.
1833 2362 1924 2437 11,
1965 2363 2077 2439 30,
2123 2363 2272 2440 132,
2312 2384 2439 2445 sqq.

476 2466 649 2529 Verr.
681 2467 808 2543 111,
848 2466 962 2543 85,
1009 2464 1144 2526 195.
1186 2463 1386 2525 Milon.
1418 2464 1494 2541 3,
1532 2463 1606 2541 8,
1643 2473 1782 2526 eett.
1826 2465 2028 2526 Livius
2065 2467 2183 2544 lx,
2226 2467 2337 2545 11,
2378 2468 2438 2530 7.

996 2571 1237 2629 'ratores
1284 2568 1466 2627 Attici
1517 2577 1977 2647 usurpaverant:
2020 2569 2332 2649 Antiphon
2364 2571 2443 2632 de

996 2693 1042 2752 ρ.
1092 2671 1234 2734 736.
1284 2671 1356 2731 R.
1404 2677 1463 2731 οἱ
1515 2669 1623 2748 μὲν
1676 2675 1782 2750 γὰρ
1826 2682 2286 2753 πανουργοῦντες
2320 2678 2441 2751 ἅμα

1040 2781 1138 2834 καὶ
1190 2778 1487 2853 πρόφασιν
1535 2776 1878 2852 εὑρίσκουσι
1915 2785 2021 2836 τοῦ
2057 2777 2433 2853 ἀδικήματος.

474 2881 898 2942 Demosthenes
927 2879 1128 2939 Contr.
1151 2877 1390 2937 Onetor.
1416 2877 1506 2951 11,
1549 2896 1611 2956 p.
1630 2875 1780 2952 879,
1819 2878 1978 2938 med.
2019 2884 2078 2938 οἱ
2109 2883 2179 2937 td
2207 2885 2434 2940 τοιαῦτ’

476 2985 820 3049 ἀδικοῦντες
867 2991 1158 3042 σκοποῦσι
1206 2988 1266 3040 τί
1313 2983 1575 3047 λέξουσι,
1623 2986 1722 3039 καὶ
1771 2983 1969 3046 οὐδεὶς
2011 2985 2231 3041 πώποτ’
2274 2974 2432 3058 ὦφλε

472 3094 710 3149 σιωπῶν
774 3091 898 3148 οὐδ’
957 3089 1187 3146 ἀδικεῖν
1248 3089 1560 3164 ὁμολογῶν.
1663 3083 1831 3144 Cons.
1884 3085 1950 3143 in
2006 3085 2218 3164 primis
2282 3086 2432 3147 Fals.

470 3192 673 3272 Legat.
702 3212 763 3271 p.
801 3189 940 3251 408.
971 3190 1279 3269 Lyeurgus
1315 3188 1377 3247 in
1397 3189 1663 3248 Leocrat.
1693 3187 1737 3268 §
1766 3185 1865 3248 90.
1888 3218 1970 3232 -
1998 3189 2161 3248 Iusti
2189 3191 2292 3248 sui
2322 3190 2430 3249 do-

468 3300 611 3360 loris
644 3319 915 3372 causam,
958 3295 1000 3354 i.
1039 3314 1094 3354 e.
1125 3313 1364 3354 oausam
1397 3292 1653 3368 doloris,
1693 3311 1814 3372 qua
1845 3291 2014 3351 huno
2047 3292 2271 3351 iustum
2305 3312 2429 3354 esse

465 3402 848 3462 demonstrat.
932 3398 1208 3459 Dolorem
1243 3416 1367 3456 esse
1398 3396 1905 3474 indignationem,
1946 3395 2104 3456 bene
2135 3396 2426 3474 interpre-

465 3512 628 3564 tatur
664 3504 1000 3564 Ochsnerus
1035 3501 1114 3560 ad
1147 3500 1271 3560 Eel.
1311 3499 1433 3559 cie.
1470 3517 1529 3577 p.
1569 3497 1668 3558 88.
1703 3496 1861 3558 oonf.
1891 3498 2018 3559 Fin.
2046 3498 2141 3573 H,
2172 3497 2284 3575 20,
2322 3499 2422 3562 66.

462 3604 631 3667 Verr.
678 3606 807 3681 111,
857 3604 972 3679 31,
1026 3603 1124 3666 74.
1180 3604 1339 3663 Sext.
1395 3601 1506 3680 17,
1565 3600 1665 3661 39.
1722 3600 1832 3675 41,
1890 3599 1990 3661 88.
2047 3601 2250 3661 Livius
2292 3601 2419 3680 111,

460 3705 544 3767 39
560 3752 578 3782 ,
620 3707 691 3783 7,
730 3716 793 3766 et
838 3707 1089 3784 saepius.
1169 3705 1265 3765 Ad
1309 3705 1468 3765 illud
1512 3704 1884 3764 defendendi
1923 3724 2114 3783 genus
2148 3705 2422 3767 referen-

461 3809 647 3883 dum,
689 3807 852 3887 quod
890 3811 1138 3873 ’Ἄδικος
1181 3812 1348 3887 λόγος
1389 3807 1456 3866 in
1494 3806 1795 3886 Aristoph.
1824 3807 1979 3866 Nub.
2010 3806 2184 3868 1076.
2218 3806 2417 3867 Hem.

459 3911 690 3990 flagitia
708 3957 726 3987 ,
782 3910 1034 3970 honesto
1083 3911 1362 3986 nomine,
1422 3911 1684 3990 appellat
1737 3913 1839 3976 τὰς
1893 3917 1990 3982 τῆς
2042 3916 2271 3979 φύσεως
2313 3912 2409 3968 ἀν·

458 4018 656 4094 ἀγκας.
712 4046 794 4058 -
847 4013 1092 4074 Servavi
1137 4034 1176 4073 a
1226 4026 1440 4074 natura
1489 4017 1619 4073 iure
1663 4014 1895 4092 aliquo:
1947 4030 2314 4090 quamquam
2348 4014 2416 4072 in

455 4119 661 4198 paucis
709 4115 1025 4179 deterioris
1069 4115 1330 4179 familiae
1378 4117 1529 4180 meis
1581 4124 1668 4177 est
1718 4127 1961 4177 naturae
1979 4161 1998 4190 ‚
2037 4133 2193 4194 quae
2231 4115 2412 4177 lectio
