3131 5032
784 461 917 529 500
1466 453 1610 521 Lm.
1657 447 1755 540 11,
1801 458 1878 539 8,
1924 456 2034 520 20.

794 664 1138 743 neglectum
1184 661 1408 722 Scauro
1452 660 1696 721 crimini
1726 659 1975 722 dederat
2009 657 2331 720 Domitius:
2370 658 2531 721 conf.
2564 659 2768 722 Asso-

799 768 936 826 nius
968 767 1032 826 in
1068 766 1271 826 Scaur.
1303 784 1365 844 p.
1398 761 1499 826 21.
1534 763 1721 825 orell.

877 866 1235 948 locaverunt)
1311 866 1434 926 Hoc
1468 867 1607 926 satis
1631 864 1859 947 quippe
1889 865 2192 927 firmatum
2224 865 2515 925 Lactantii
2550 873 2766 926 ancto-

794 972 1007 1046 ritate,
1055 978 1264 1031 contra
1306 988 1512 1029 omnes
1557 968 1742 1029 libros
1775 969 2040 1048 recipere
2075 989 2198 1027 non
2231 967 2544 1044 dubitavi,
2582 987 2761 1028 com-

796 1073 1150 1134 mendatnm
1180 1071 1530 1151 praesertim
1560 1069 1859 1132 similibus
1889 1069 2177 1150 exemplis
2203 1071 2390 1150 ipsius
2415 1070 2720 1131 Ciceronis
2735 1091 2757 1130 ε

794 1175 919 1237 vid.
954 1175 1240 1235 Davisius.

876 1298 1049 1338 sacra
1092 1277 1397 1337 sollemnia
1456 1274 1729 1358 obeunte)
1805 1276 2078 1337 Senserat
2113 1276 2234 1336 iam
2268 1275 2563 1337 Uenutius
2597 1274 2755 1335 haec

791 1399 916 1441 non
946 1399 1090 1441 cum
1124 1378 1534 1459 superioribus
1567 1379 1874 1459 iungenda
1909 1398 2066 1440 esse:
2106 1378 2417 1459 peculiare
2440 1378 2753 1439 continent

789 1491 1180 1563 praeceptum
1201 1528 1221 1561 ,
1258 1482 1363 1543 sed
1394 1483 1568 1543 cuius
1597 1482 2013 1563 interpretatio
2043 1483 2227 1562 periit
2257 1482 2326 1542 in
2357 1482 2571 1542 lacuna
2599 1479 2749 1559 Cap.

794 1586 891 1648 11.
946 1586 1049 1647 fin.
1129 1586 1214 1645 De
1263 1605 1433 1647 more
1481 1586 1755 1645 sollemne
1803 1586 1951 1666 poni
1994 1586 2062 1646 in
2108 1586 2289 1646 sacris
2325 1593 2389 1645 et
2415 1583 2746 1660 sacrificiis,

790 1688 948 1750 bene
982 1689 1344 1749 demonstrat
1377 1689 1637 1750 Gronov.
1676 1688 1755 1749 ad
1789 1687 1917 1749 Liv.
1954 1688 2021 1764 1,
2061 1687 2133 1764 7,
2179 1688 2274 1749 13.
2307 1720 2389 1734 -
2424 1687 2556 1748 Mox
2583 1705 2753 1747 rece-

784 1793 987 1871 pimus
1037 1792 1405 1870 optimorum
1467 1789 1765 1851 librorum
1814 1790 2172 1853 auctoritate
2220 1802 2484 1850 monento
2500 1835 2520 1865 ,
2578 1788 2750 1869 quod

789 1914 902 1956 cur
935 1895 1209 1973 ineptum
1246 1892 1509 1973 appellet
1539 1893 1839 1968 Davisius,
1879 1914 2003 1955 non
2035 1892 2350 1973 perspicia

863 1999 1064 2076 itaque
1100 2008 1166 2056 ut
1198 1998 1289 2055 ita
1322 1994 1520 2075 cadat)
1598 1994 1876 2054 Alterum
1929 2016 2068 2056 sane
2117 1998 2208 2055 ita
2256 1994 2576 2056 molestum
2621 2002 2750 2055 est.-

787 2118 992 2178 neque
1041 2098 1206 2158 enim
1259 2097 1428 2179 prius
1475 2100 1677 2176 itaque
1730 2098 2146 2158 concludentis
2198 2107 2304 2158 est.
2385 2098 2518 2157 Non
2563 2097 2751 2159 credo

786 2208 989 2261 tamen
1036 2199 1375 2260 tollendum
1422 2219 1547 2258 esse
1589 2201 1679 2258 ica
1696 2246 1713 2274 ‚
1755 2199 1859 2259 sed
1900 2200 2226 2279 legendum
2265 2221 2386 2260 esse
2417 2203 2618 2281 itaque
2649 2203 2752 2261 uti

786 2303 987 2364 cadat:
1027 2310 1325 2381 postrema
1361 2302 1579 2362 vocalis
1611 2302 1770 2362 coni.
1804 2305 1900 2362 uei
1934 2303 2139 2364 avulsa
2169 2305 2260 2363 ita
2294 2303 2548 2382 peperit.

868 2404 1191 2464 sacerdotes
1224 2403 1467 2483 publice
1513 2401 1763 2483 libanio)
1840 2404 1999 2478 Quid
2033 2405 2094 2464 h.
2133 2405 2176 2465 l.
2212 2405 2542 2466 sacerdotes
2570 2424 2749 2466 com-

785 2516 1196 2570 memorantur
1211 2507 1244 2568 ?
1324 2506 1534 2585 Neque
1579 2506 1911 2586 quidquam
1962 2506 2207 2569 adiuvat
2248 2529 2375 2570 var.
2408 2509 2546 2571 lect.
2592 2508 2750 2569 tibu-

784 2624 956 2673 ranto
1002 2631 1127 2691 quo
1170 2610 1360 2688 magis
1400 2610 1549 2670 haec
1596 2610 1674 2669 ad
1706 2611 2040 2671 sacerdotes
2070 2612 2438 2688 reserantur,
2479 2631 2747 2692 qnorum

782 2732 1005 2773 munus
1056 2710 1451 2771 intercalandi
1502 2730 1641 2771 mox
1696 2732 1803 2771 suo
1855 2713 1987 2771 loco
2039 2712 2314 2790 ponitnr3
2358 2720 2562 2773 contra
2593 2714 2746 2773 libe-

784 2827 979 2875 memta
1011 2816 1076 2874 in
1108 2814 1261 2893 legis
1305 2813 1804 2891 interpretatione
1837 2813 2125 2874 dicuntur
2158 2815 2297 2895 Cap.
2328 2814 2437 2892 12,
2478 2816 2588 2892 29,
2626 2836 2748 2878 nee

784 2927 988 2980 tamen
1040 2917 1377 2998 quidquam
1427 2936 1681 2995 usquam
1740 2925 2134 2978 memoratum
2192 2917 2321 2977 vidi
2372 2918 2449 2980 de
2491 2921 2745 3000 publiea

784 3021 1094 3083 libatione.
1207 3022 1581 3099 Quapropter
1641 3039 1835 3097 quum
1882 3020 2118 3098 singula
2157 3021 2225 3079 in
2274 3020 2391 3082 hoc
2441 3021 2592 3102 leg-is
2632 3041 2743 3084 cu-

784 3125 911 3205 pite
949 3125 1024 3185 ad
1069 3125 1441 3204 privatorum
1488 3123 1848 3201 religionem
1895 3122 2326 3183 moderandam
2361 3126 2703 3203 pertineant
2718 3172 2739 3202 ,

786 3228 1164 3290 sacerdotum
1234 3226 1496 3288 officium
1556 3247 1631 3287 eo
1695 3233 1931 3286 tantum
1992 3226 2210 3286 referri
2271 3226 2511 3289 dicatur
2556 3238 2626 3288 ut
2663 3250 2741 3289 ne

783 3333 937 3413 quid
999 3333 1287 3392 committi
1332 3332 1527 3411 possit
1542 3376 1561 3406 ,
1617 3331 1883 3409 suspicor
1933 3349 2247 3410 perperam
2303 3329 2428 3390 huc
2472 3330 2599 3392 duo
2633 3330 2744 3393 illa

784 3436 1077 3497 vocabula
1111 3437 1340 3494 intrusa
1368 3453 1519 3493 esse:
1551 3434 1928 3514 publicorum
1959 3432 2311 3513 praesertim
2344 3434 2739 3511 sacerdotum,

785 3537 896 3617 qni
948 3545 1086 3598 sunt
1137 3518 1449 3597 Pontifices
1499 3543 1562 3595 et
1608 3535 1974 3613 Decemviri,
2027 3536 2196 3596 nulla
2219 3558 2220 3561 ¹
2244 3537 2309 3595 in
2363 3536 2486 3596 his.
2509 3537 2741 3599 mentio

779 3658 906 3699 esse
952 3644 1162 3714 potest.
1245 3635 1556 3696 Praeterea
1603 3636 1933 3714 amplector
1977 3639 2206 3699 Ernesti
2241 3638 2586 3718 opinionem
2605 3685 2625 3716 ,
2673 3646 2741 3701 et

782 3740 891 3799 hoc
925 3757 1129 3798 errore
1164 3745 1375 3796 natum
1409 3756 1533 3796 esse
1550 3782 1568 3812 ,
1611 3745 1673 3798 et
1703 3741 1878 3798 certio
1910 3773 1991 3786 —
2022 3741 2228 3801 diebus
2259 3759 2402 3801 cum
2435 3740 2740 3820 primibus

779 3842 848 3904 in
886 3860 1076 3902 unam
1116 3839 1474 3900 sententiam
1514 3840 1821 3919 iungenda
1860 3862 2002 3904 esse.

857 3944 901 4028 ς
940 3945 1040 4006 20.
1119 3945 1370 4023 itemque
1407 3943 1558 4002 alio-5
1591 3943 1672 4003 cd
1705 3945 1831 4006 dies
1865 3979 1945 3991 —
1973 3945 2265 4030 acmanto)
2344 3946 2531 4008 Nemo
2556 3946 2739 4008 facile

776 4050 1012 4111 reiiciat
1037 4047 1233 4128 Pighii
1265 4046 1728 4125 correctionem,
1755 4050 1906 4110 alios
1938 4050 2063 4110 dies
2097 4050 2175 4111 ad
2205 4050 2539 4112 abeuntem.
2617 4049 2738 4110 Sed

775 4152 891 4212 alii
924 4154 1049 4212 dies
1083 4157 1223 4211 sunt
1255 4150 1544 4211 feriarum
1578 4150 1723 4212 dies.
