3131 5032
1633 454 1771 528 114

940 667 1154 762 quarti
1188 662 1416 735 libelli:
1465 658 1676 728 Codex
1722 656 1940 722 editm
1969 653 2218 721 Romae
2258 674 2435 718 anno
2469 653 2638 718 1471
2659 702 2679 734 ,

940 806 1132 873 quem
1163 804 1254 847 w.
1295 785 1335 845 3
1372 774 1896 866 daignaln’mm.
1966 826 1970 830 Α

780 904 885 967 10.
940 896 1088 964 Soti
1100 894 1349 960 Marci.
1369 888 1569 955 Abest
1593 885 1847 954 titulus:
1867 905 2016 951 cum
2038 881 2160 947 hac
2182 877 2679 969 subscriptione,

946 990 2684 1081 Deolaueuan:1423VenerieVIIIJumji.m-a.X>.

781 1130 886 1193 11.
942 1120 1091 1192 Soti
1117 1119 1366 1185 Marci.
1458 1114 1717 1200 Incipit
1750 1111 1829 1175 de
1856 1110 2146 1200 Legibus
2174 1109 2345 1173 liber
2365 1110 2685 1195 primus.-

944 1228 1320 1320 subscriptio
1338 1279 1356 1309 ,
1419 1228 1518 1294 M.
1584 1225 1808 1291 Tullii
1864 1225 2202 1289 Ciceronie
2258 1219 2340 1285 de
2391 1219 2686 1309 Legibus

950 1346 1121 1412 liber
1164 1344 1410 1407 tertius
1455 1341 1735 1427 explicit
1749 1337 2080 1427 feliciter.

779 1466 887 1530 39.
942 1456 1143 1525 Huius
1189 1452 1503 1522 indicium
1552 1472 1686 1519 non
1728 1447 1970 1539 reperi,
2017 1467 2136 1514 nec
2169 1444 2288 1512 nisi
2317 1441 2686 1533 inscriptio-

945 1592 1099 1638 nem
1147 1564 1488 1635 memorari
1541 1564 1742 1644 hanc,
1804 1562 1902 1629 M.
1956 1560 2179 1626 Tullii
2230 1558 2566 1626 Cicer-mnis
2611 1554 2692 1620 do

943 1684 1237 1775 Legibus
1266 1681 1436 1746 liber
1456 1682 1756 1767 primus.
1833 1676 2273 1741 Collocutoree
2301 1682 2463 1736 sunt
2487 1668 2689 1738 Atti-

943 1816 1061 1864 cus
1098 1797 1397 1885 Quintus
1430 1806 1492 1857 et
1525 1791 1624 1857 M.
1661 1789 1722 1855 T
1717 1790 1950 1854 ulliae.
2043 1784 2172 1852 Sed
2207 1806 2283 1853 ex
2326 1783 2456 1875 ipsa
2497 1781 2689 1851 colla-

949 1909 1127 1978 tione
1153 1906 1493 1973 maniiesto
1522 1914 1790 1993 apparet
1804 1900 2104 1969 Codicem
2121 1920 2249 1966 esse
2261 1900 2370 1965 Ms.
2386 1945 2405 1979 ‚
2427 1894 2692 1964 creber-

946 2022 1110 2090 rime
1130 2016 1495 2087 memoratis
1520 2012 2058 2105 expunctionibus
2082 2025 2150 2079 et
2172 2007 2689 2080 correctionibus.

945 2138 1027 2201 In
1059 2132 1240 2201 Italia
1271 2130 1577 2220 seriptum
1613 2149 1742 2195 esse
1770 2125 1977 2194 multa
2005 2124 2297 2192 indicant
2314 2175 2333 2206 ,
2379 2121 2571 2213 quale
2594 2131 2692 2188 est

948 2252 1196 2314 cerina
1239 2267 1357 2336 pro
1400 2245 1680 2329 scripta.

788 2369 893 2432 47.
951 2364 1170 2451 Neque
1229 2356 1418 2425 huius
1471 2354 1620 2421 libri
1681 2351 1888 2420 ullum
1936 2349 2247 2418 indicium
2297 2360 2550 2438 praesto
2594 2357 2696 2413 est

955 2485 1211 2567 praeter
1261 2466 1774 2559 inscriptionem,
1826 2465 1924 2532 M.
1972 2463 2195 2530 Tullii
2238 2463 2575 2530 Ciceronis
2621 2457 2700 2524 de

959 2587 1253 2677 Legihuc
1325 2584 1495 2648 liber
1544 2585 1843 2668 primm.
1951 2580 2093 2668 Ipsa
2162 2589 2381 2644 autem
2444 2572 2700 2643 collatio

963 2697 1124 2765 mihi
1171 2693 1481 2786 persuasit
1522 2715 1651 2759 esse
1694 2691 1935 2758 librum
1966 2692 2106 2770 Ma..
2149 2686 2428 2779 plurima
2460 2685 2705 2776 quippe

965 2820 1431 2900 expromuntur
1450 2858 1466 2887 ,
1529 2827 1699 2895 quae
1743 2825 1865 2872 nec
1909 2803 1994 2869 ab
2030 2801 2165 2868 aliis
2197 2824 2273 2868 ex
2304 2800 2485 2868 libris
2514 2798 2706 2867 editis

965 2917 1305 2989 memorari
1352 2916 1516 3000 vidi,
1575 2940 1789 3008 neque
1836 2916 1970 3007 ipse
2011 2915 2083 2982 in
2113 2914 2242 2983 ulla
2274 2913 2560 2982 editione
2589 2912 2704 2979 de-

968 3031 1319 3126 prehendi3
1385 3031 1674 3121 exemplo
1725 3030 1808 3097 sit
1854 3033 2125 3111 amitti,
2184 3029 2296 3094 111.
2333 3033 2370 3116 §
2410 3030 2516 3116 42.
2548 3025 2705 3106 fin„

965 3169 1088 3237 pro
1118 3147 1407 3212 amittit.

805 3267 910 3329 48.
967 3256 1203 3324 Eadem
1258 3255 1343 3322 de
1384 3253 1508 3321 hoc
1553 3252 1718 3321 libro
1765 3274 2028 3321 monere
2068 3263 2137 3318 et
2183 3247 2481 3340 suspicari
2521 3245 2708 3315 licet:

976 3367 1266 3457 exemplo
1293 3366 1374 3433 sit
1399 3367 1588 3431 nohis
1614 3367 2027 3445 hominibus,
2059 3384 2179 3453 pro
2208 3366 2466 3428 nostris
2491 3362 2715 3426 homi-

974 3483 1203 3560 nibus,
1266 3481 1317 3545 I.
1367 3484 1403 3567 §
1452 3484 1513 3545 6.
1606 3480 1685 3544 In
1731 3478 1866 3545 fine
1906 3475 2201 3569 apposuit
2234 3473 2716 3566 Lagomarsinus

978 3593 1253 3680 explicit
1278 3591 1553 3655 collatio
1587 3589 1695 3654 die
1731 3593 1815 3656 25
1852 3590 2109 3654 Martii
2149 3591 2345 3655 1740.

810 3714 914 3776 49.
971 3709 1115 3797 Ipso
1160 3701 1605 3795 [agomarsino
1653 3701 1986 3772 indicante
2018 3715 2116 3769 est
2162 3703 2467 3773 Victorii
2516 3697 2721 3764 editio

979 3821 1293 3887 Parisiis
1325 3815 1510 3904 apud
1535 3816 1897 3884 Rohertum
1926 3815 2339 3903 Stephanum
2372 3840 2436 3883 a.
2476 3818 2673 3881 1539.

808 3938 914 4002 50.
971 3929 1142 3998 Nihil
1184 3928 1451 4019 quidem
1498 3926 1746 3995 indicat
1787 3924 2265 4018 Lagomarsinus
2281 3977 2299 4007 ,
2349 3925 2463 3993 sed
2493 3923 2721 3994 confie-

985 4042 1191 4112 rendo
1220 4037 1618 4131 deprehendi
1636 4039 1804 4109 hanc
1834 4061 1962 4109 esse
1975 4036 2458 4111 Lambinianam
2490 4035 2719 4108 editio-

984 4178 1132 4223 nem
1167 4180 1222 4224 a.
1260 4159 1455 4223 1566.
