3131 5032
1356 465 1438 542 13

432 692 496 752 et
527 696 548 735 ¹
598 682 910 752 civitatis
950 682 1268 754 eiusdem
1307 683 1624 757 habendi
1663 699 1848 756 sunt.
1948 692 2015 759 Si
2055 712 2222 759 vero
2258 693 2371 760 iis·

425 798 590 872 dem
624 804 950 899 imperiis
981 816 1053 874 et
1085 802 1557 900 potestatibus
1586 819 1871 902 parent,
1905 806 2132 878 multo
2157 812 2371 881 etiam

425 924 675 1016 magis:
741 934 996 1019 parent
1048 936 1288 994 autem
1344 923 1518 996 huic
1569 924 1853 996 caelesti
1912 924 2375 1024 descriptioni

426 1043 803 1136 mentique
865 1039 1147 1135 divinae
1205 1056 1278 1113 et
1344 1048 1799 1143 praepotenti
1857 1044 2032 1132 deo;
2094 1049 2307 1117 etiam
2341 1059 2367 1095 ²

421 1162 801 1230 universus
862 1158 983 1230 hic
1039 1162 1353 1233 mundus
1406 1188 1551 1235 una
1612 1168 1854 1236 civitas
1891 1171 1916 1210 ³
1973 1168 2371 1235 communis

421 1277 728 1349 deorum
768 1292 986 1374 atque
1022 1279 1401 1353 hominum
1440 1283 1926 1356 existimanda.

510 1403 598 1469 Et
632 1397 835 1494 quod
866 1402 939 1468 in
976 1400 1379 1473 civitatibus
1418 1406 1696 1474 ratione
1728 1401 2068 1500 quadam,
2103 1399 2195 1473 de
2222 1425 2368 1498 qua

415 1517 696 1589 dicetur
730 1517 993 1589 idoneo
1034 1517 1231 1610 loco,
1268 1520 1770 1619 agnationibus
1801 1520 2226 1595 familiarum
2257 1521 2364 1593 di-

419 1640 884 1733 stinguuntur
925 1650 1183 1730 status,
1230 1639 1306 1711 id
1341 1645 1414 1710 in
1448 1666 1694 1712 rerum
1726 1655 1979 1713 natura
2015 1654 2219 1712 tanto
2257 1655 2368 1712 est

419 1754 987 1852 magnificentius
1025 1772 1376 1857 tantoque
1414 1759 1875 1859 praeclarius»,
1921 1774 2000 1830 ut
2035 1758 2365 1831 homines

413 1874 719 1946 deorum
789 1880 1168 1974 agnatione
1237 1893 1308 1951 et
1375 1893 1591 1977 gente
1650 1893 2050 1952 teneantur.
2182 1882 2358 1951 Nam
2433 1892 2574 1948 vm.

407 2019 639 2090 quum
682 1994 774 2066 de
814 2009 1068 2069 natura
1113 2001 1363 2068 omni⁴
1403 2003 1811 2095 quaeritur,
1861 1999 2214 2097 disputari
2244 2023 2357 2070 so·
2427 1962 2515 2016 u‘

405 2113 589 2205 lent,
643 2118 987 2185 nimirum
1031 2120 1128 2188 ita
1174 2127 1394 2188 sunt⁵
1439 2133 1520 2189 ut
1559 2118 2056 2219 disputantur,
2106 2143 2398 2218 perpe-·

406 2236 546 2303 tuis
596 2231 928 2303 cursibus
969 2233 1708 2333 conversionibusque
1767 2235 2191 2309 coelestibus
2236 2261 2357 2308 ex-

405 2355 665 2423 stitisse
734 2351 1116 2448 quamdam
1189 2359 1673 2427 maturitatem
1731 2355 2016 2428 serendi
2071 2360 2352 2454 generis

403 2469 731 2562 humani,
796 2471 997 2568 quod
1056 2497 1383 2572 sparsum
1442 2479 1518 2546 in
1576 2489 1801 2548 terras
1847 2489 2068 2572 atque
2115 2489 2350 2548 satum

402 2591 646 2663 divino
682 2605 978 2664 auctum
1019 2597 1110 2664 sit
1150 2599 1556 2666 animorum
1595 2621 1920 2668 munere:
1973 2620 2349 2693 quumque

404 2710 571 2801 alia,
621 2709 885 2808 quibus
924 2712 1391 2785 cohaererent
1421 2714 1748 2787 homines
1769 2768 1789 2804 ,
1837 2740 1877 2787 e
1912 2714 2196 2786 mortali
2232 2738 2350 2811 ge-

408 2853 584 2901 nere
628 2829 1032 2921 sumserint,
1092 2857 1281 2928 quae
1323 2832 1596 2930 fragilia
1638 2847 1874 2905 essent
1920 2847 1991 2905 et
2045 2832 2346 2921 caduca,

403 2954 724 3022 animum
783 2975 934 3023 esse
983 2956 1483 3050 ingeneratum
1536 2977 1577 3024 a
1624 2952 1796 3024 deo:
1862 2976 1951 3023 ex
1995 2975 2145 3047 quo
2181 2975 2346 3023 vere

397 3068 508 3140 vel
544 3075 828 3168 agnatio
860 3070 1073 3143 nobis
1110 3096 1273 3143 cum
1307 3069 1762 3159 caelestibus,
1796 3069 1907 3141 vel
1943 3092 2197 3167 geum,
2235 3069 2347 3141 vel

393 3194 610 3289 stirps
648 3192 991 3291 appellari
1040 3205 1299 3291 potest.
1397 3197 1649 3288 Itaque
1692 3215 1780 3262 ex
1815 3205 1926 3261 tot
1958 3189 2344 3287 generibus

393 3310 674 3381 nullum
720 3324 829 3382 est
872 3310 1161 3401 animal,
1210 3324 1495 3410 praeter
1534 3311 1938 3400 hominem,
1988 3309 2186 3406 quod
2220 3308 2343 3382 ha-

393 3429 559 3503 beat
595 3433 925 3502 notitiam
952 3430 1266 3528 aliquam
1294 3431 1443 3521 dei,
1477 3435 1797 3530 ipsisque
1820 3435 1894 3501 in
1926 3428 2342 3501 homiuibus

391 3550 590 3623 nulla
638 3574 815 3647 gens
861 3564 998 3640 est,
1063 3574 1300 3647 neque
1346 3563 1491 3622 tam
1538 3554 2040 3639 immansueta,
2101 3573 2340 3646 neque

394 3682 536 3740 tam
588 3667 770 3759 fera,
842 3694 1029 3766 quae
1085 3694 1267 3762 non,
1326 3671 1542 3742 etiam
1595 3673 1651 3739 si
1710 3672 1993 3767 ignoret
2051 3668 2338 3765 qualem

392 3786 659 3861 habere
688 3789 906 3862 deum
943 3789 1219 3882 deceat,
1270 3804 1510 3863 tamen
1542 3788 1956 3862 habendum
1995 3793 2197 3861 sciat:
2249 3814 2336 3861 ex
2404 3814 2490 3868 25.

446 4090 465 4125 ¹
492 4104 597 4141 on.
627 4099 701 4140 et.
776 4088 799 4125 ²
823 4098 879 4138 ut
904 4089 1024 4140 iam.
1098 4092 1120 4127 ⁸
1151 4091 1326 4141 civitas
1354 4091 1439 4140 sit.
1513 4093 1533 4129 ⁴
1564 4098 1736 4141 natum
1756 4088 2004 4142 hominis.
2081 4091 2103 4126 ⁵
2131 4088 2259 4140 uolet
2278 4114 2346 4126 -

382 4182 423 4220 et
453 4173 705 4223 nimirum
740 4172 832 4221 ista
865 4180 997 4222 sunt.
