3131 5032
688 503 840 553 XXIV

685 711 891 779 quare
936 707 1255 775 nusquam
1302 685 1388 752 de
1435 681 1558 752 hoc
1613 705 1842 774 opere,
1900 678 2066 751 sicut
2119 683 2204 752 de
2247 680 2420 767 aliia,
2467 706 2661 756 mum

685 801 850 868 illud
894 801 1149 865 absolvi
1168 849 1185 879 ,
1220 811 1336 865 aut
1356 798 1695 885 per-polivi
1712 846 1729 876 ,
1764 809 1880 863 aut
1912 796 2248 862 dem-ibas
2284 800 2465 879 licet,
2496 798 2659 867 scri-

685 912 901 1003 pserit.
995 910 1280 987 Primum
1302 959 1319 989 ,
1366 931 1764 999 quamquam
1808 916 1946 976 'non
1988 931 2142 975 sane
2180 908 2660 1001 gravissimum,

684 1025 813 1093 hoc
862 1039 958 1091 est
977 1074 995 1105 ,
1042 1023 1222 1114 quod
1275 1020 1540 1111 insignis
1589 1033 1658 1087 et
1706 1019 1973 1087 molfflta
2025 1020 2542 1110 deprehenditur
2587 1023 2661 1091 in

684 1136 1082 1227 singularum
1133 1132 1421 1225 partium
1480 1144 1551 1199 et
1604 1131 2068 1199 sententiarum
2124 1130 2510 1201 tractatione
2548 1135 2663 1201 in-

685 1247 1062 1338 aequalitas,
1101 1244 1237 1313 aliis
1259 1244 1654 1335 prudenter,
1684 1257 1862 1334 apte,
1893 1242 2178 1335 copiose,
2207 1259 2437 1313 ornate
2463 1246 2659 1314 etiam

686 1373 756 1427 et
800 1382 952 1427 cum
1002 1355 1339 1427 doctrinae
1380 1369 1695 1445 apparatu
1729 1355 2058 1446 expositis,
2105 1355 2242 1423 aliis
2280 1380 2416 1426 uno
2462 1358 2661 1428 verbo

688 1470 1066 1562 profligatis,
1129 1467 1393 1535 Maxime
1420 1467 1712 1534 cernitur
1742 1466 1867 1536 boc
1901 1465 1971 1534 in
2005 1467 2541 1558 interpretatione
2566 1469 2658 1538 le-

685 1606 847 1673 gum
879 1581 951 1648 in
982 1579 1103 1647 11⁴⁰
1135 1593 1205 1647 et
1224 1578 1385 1646 mu„
1411 1578 1604 1647 libro.
1683 1582 1892 1663 Quam
1920 1578 2298 1670 diligenter,
2332 1603 2664 1671 quamque

688 1714 1184 1782 nonnumquam
1224 1688 1504 1759 oratorie
1542 1690 1857 1758 nonnulla
1888 1689 1959 1757 in
2002 1688 2102 1757 his
2134 1689 2459 1758 elaborata
2488 1691 2659 1773 sint,

685 1827 820 1873 non
871 1803 1110 1872 attinet
1159 1801 1479 1883 indicare3
1540 1800 1613 1867 in
1659 1799 1977 1892 plerisque
2022 1815 2243 1870 autem
2285 1825 2480 1893 parca
2513 1803 2661 1894 qui»

684 1919 839 1984 dem
857 1965 875 1997 ,
921 1915 1035 1983 sed
1070 1930 1291 1982 tamen
1323 1912 1490 1980 iusta
1519 1911 1810 1981 defensio
1834 1913 2243 2005 proponitur.
2335 1915 2464 1983 Sed
2494 1914 2659 2006 quid

688 2042 783 2096 est
833 2028 993 2107 hoc,
1041 2027 1223 2117 quod
1256 2027 1357 2105 11,
1420 2029 1541 2106 14,
1601 2029 1728 2106 34,
1785 2025 2058 2109 dicitur,
2113 2027 2269 2093 Iam
2316 2028 2395 2092 de
2443 2030 2662 2094 haru-

670 2142 950 2229 ‘epicum
970 2140 1301 2228 religione
1317 2187 1336 2218 ,
1362 2136 1441 2200 de
1468 2138 1964 2223 expiationibue
1988 2150 2051 2202 et
2067 2140 2664 2225 procurationibue

685 2256 861 2318 eatie
907 2273 1232 2338 superque
1261 2253 1338 2314 in
1373 2254 1526 2337 ipsa
1572 2251 1713 2340 lege
1742 2249 1998 2316 dietum
2020 2256 2236 2338 puto?
2281 2265 2432 2334 aut,
2479 2251 2662 2343 quod

689 2363 847 2432 ibid.
892 2369 1005 2443 16,
1047 2367 1164 2443 41,
1192 2363 1349 2429 Iam
1389 2362 1468 2425 de
1500 2367 1878 2449 periuriis,
1912 2362 1989 2427 de
2019 2367 2261 2429 incesto
2284 2367 2475 2432 nihil
2499 2389 2664 2430 eane

687 2476 807 2541 ltoc
848 2473 1120 2562 quidem
1176 2473 1310 2537 loco
1358 2472 1848 2560 disputandum
1881 2478 2030 2541 eet?
2074 2474 2192 2542 nisi
2223 2474 2396 2544 forte
2427 2474 2661 2544 dicen-

688 2586 853 2654 dum
884 2599 1006 2666 est,
1044 2583 1171 2653 alio
1200 2584 1344 2652 loco
1377 2584 1450 2651 id
1475 2584 1880 2653 commodius
1909 2585 2051 2654 fieri
2080 2586 2376 2677 potuisse.
2418 2586 2661 2657 Similia

686 2696 1040 2766 offendunt
1069 2695 1139 2761 in
1162 2694 1324 2762 11150
1348 2695 1551 2764 libro:
1582 2695 1779 2764 veluti
1803 2700 1954 2787 Cap.
1987 2705 2091 2766 18.
2122 2697 2296 2765 inin:
2322 2703 2666 2788 sequitur,
2781 2729 2790 2736 ·

689 2811 933 2897 quibus
973 2814 1088 2873 im
1129 2813 1227 2874 eit
1257 2833 1409 2874 cum
1428 2810 1681 2896 populo
1711 2810 1999 2899 agendi,
2046 2825 2168 2876 aut
2200 2836 2351 2877 cum
2383 2826 2662 2879 senatum

683 2926 928 3012 gravis
946 2972 965 3003 ,
1002 2934 1065 2986 et
1081 2972 1099 3002 ,
1144 2933 1223 2986 ut
1253 2920 1559 2985 arbitror
1579 2971 1595 3000 ,
1626 2922 1991 3008 praeclara
2029 2924 2153 2992 lex.
2226 2924 2475 2992 Satisne
2506 2924 2661 2992 haec

690 3046 846 3100 sunt
864 3084 886 3112 ,
928 3055 967 3099 e
1015 3031 1253 3121 quibus
1299 3030 1399 3096 vel
1456 3029 1813 3119 suspicetur
1857 3031 2001 3121 quis
2051 3031 2136 3099 de
2186 3034 2500 3124 gravitate
2547 3048 2665 3102 aut

693 3141 1084 3233 praestantia
1130 3140 1264 3208 eius
1296 3138 1452 3232 legis
1471 3191 1489 3222 ,
1535 3163 1704 3230 quae
1736 3139 1874 3209 iura
1909 3141 2404 3234 magistratuum
2433 3144 2668 3235 ipsam-

696 3276 829 3343 que
876 3250 966 3320 rei
1016 3251 1317 3342 publicae
1368 3252 1774 3342 disciplinam
1805 3252 2214 3344 attingebat?
2304 3257 2671 3347 Eademque

698 3363 1008 3444 brevitas,
1055 3377 1171 3432 aut
1219 3363 1437 3455 potius
1472 3365 1864 3456 negligentia
1902 3379 1998 3433 est
2029 3370 2180 3457 Cap.
2223 3373 2334 3449 19,
2370 3374 2477 3437 43.
2507 3369 2627 3438 fin.
2648 3420 2668 3450 ,

698 3478 931 3544 deinde
961 3477 1040 3541 de
1063 3479 1648 3567 promulgatione,
1679 3478 1758 3543 de
1788 3481 2099 3569 cingulis
2128 3483 2321 3546 rebus
2352 3482 2673 3572 agendis,

699 3593 780 3657 de
798 3594 1103 3679 privatis
1134 3592 1736 3680 mgistratihueve
1760 3592 2152 3659 audie-ridie.-
2192 3605 2338 3659 tum
2363 3595 2512 3681 Cap.
2544 3596 2670 3673 20,

704 3702 848 3772 init.
867 3755 887 3784 ,
920 3707 1230 3790 sequitur
1260 3702 1339 3766 de
1361 3707 1582 3789 captis
1601 3708 1946 3790 pecuniis,
1981 3718 2041 3769 et
2070 3704 2149 3768 de
2173 3705 2436 3769 anubim
2466 3706 2677 3794 leges,

705 3816 884 3883 nulla
933 3812 1308 3882 defensione
1352 3814 1598 3883 addita.
1706 3816 2082 3885 Dicemusne
2128 3828 2467 3906 propterea
2517 3816 2677 3885 ista-

706 3949 853 3993 rum
897 3926 1115 4017 legum
1166 3926 1460 3997 omissam
1503 3950 1636 3995 esse
1672 3927 2307 4018 interpretationem,
2370 3929 2552 4018 quod
2599 3952 2676 3997 ex

707 4051 873 4104 nutu
940 4038 1134 4105 Attici
1200 4053 1269 4106 et
1318 4038 1547 4122 Quinti
1599 4039 1986 4131 intelligeret
2044 4042 2288 4107 Marcus
2334 4062 2470 4108 non
2516 4062 2683 4130 opus

715 4173 844 4219 ease
905 4150 1154 4220 suaderi
1180 4155 1211 4214 ¹?
1317 4153 1459 4220 Non
1526 4152 1850 4220 dieemns:
1908 4154 1958 4220 si
2018 4153 2288 4244 quidem
2354 4176 2517 4244 quae
2580 4156 2674 4228 11,
