3131 5032
743 474 876 541 302
1441 470 1585 537 Lm.
1632 469 1699 555 1,
1749 476 1824 554 4,
1883 473 1982 537 12.

733 701 893 760 quae
926 680 1227 760 aptissime
1253 678 1618 758 respondent
1653 679 1863 753 Quinti
1896 679 2131 755 verbis,
2167 704 2198 737 υ
2220 688 2413 758 potest
2444 682 2564 741 hoc
2598 702 2705 760 po·

734 810 767 845 »a
783 786 931 864 pulo
958 785 1228 865 probari,
1249 783 1437 863 igitur
1461 783 1968 863 experiundnm.''
2009 784 2262 844 Nullum
2281 785 2535 865 quidem
2550 806 2703 847 cen-

733 891 926 950 iunet.
975 889 1270 968 siquidem
1321 889 1406 948 ita
1458 906 1776 967 suspensae
1828 887 1980 946 mihi
2014 907 2050 947 e
2079 888 2307 949 Latinis
2337 889 2531 951 literis
2558 911 2700 950 snc-

729 994 923 1054 currit
967 993 1315 1072 exemplum
1334 1017 1351 1070 3
1412 991 1518 1051 sed
1574 993 1828 1052 Graecos
1874 992 1958 1053 ita
2010 999 2182 1072 εἴπερ
2220 1012 2482 1072 ponere,
2524 994 2703 1055 docet

726 1094 1037 1157 Heindorf.
1084 1095 1161 1155 ad
1205 1094 1435 1155 Platon.
1483 1092 1826 1154 Parmenid.
1878 1113 1940 1172 p.
1977 1093 2130 1170 150,
2168 1096 2249 1155 B:
2288 1103 2354 1155 et
2384 1094 2453 1154 fit
2485 1095 2698 1157 eadem

728 1200 994 1274 ratione,
1035 1219 1158 1279 qua
1194 1201 1411 1278 quinne
1449 1195 1855 1275 suspenditur.

811 1304 1065 1363 laborem
1112 1334 1195 1346 ——
1246 1320 1559 1363 causarum
1604 1297 1861 1382 operam)
1936 1298 2374 1378 Intelliffuntur
2408 1299 2488 1360 de
2519 1319 2700 1380 opera

729 1406 796 1464 in
827 1403 1021 1464 causis
1042 1402 1473 1482 cognoscendis
1496 1400 1777 1480 ponenda
1794 1448 1812 1477 ,
1854 1409 1917 1461 et
1948 1402 2015 1463 in
2040 1402 2406 1463 meditandis
2432 1422 2699 1482 pronun·

732 1506 1089 1586 ciandisque
1140 1506 1496 1566 actionibus.
1578 1504 1665 1565 De
1715 1504 1791 1565 M.
1841 1504 2117 1581 Messala,
2175 1505 2342 1567 Brut.
2384 1507 2504 1583 70,
2545 1506 2697 1582 246,

728 1614 798 1671 in
849 1613 1050 1672 causis
1101 1609 1519 1692 cognoscendis
1574 1609 2099 1689 componendisque
2154 1610 2412 1692 diligens
2429 1656 2448 1687 ‚
2487 1614 2698 1692 magni

731 1716 951 1777 laboris
969 1760 988 1791 ‚
1047 1716 1264 1774 multae
1316 1734 1522 1794 operae
1541 1758 1559 1788 ,
1601 1713 2029 1792 multarumque
2072 1733 2407 1774 causarum.
2487 1714 2698 1794 Neque

731 1819 850 1880 alio
886 1817 1066 1879 modo
1100 1817 1446 1895 intelligere
1479 1816 1775 1876 debebam
1809 1816 2028 1875 laboris
2063 1827 2118 1874 et
2135 1818 2279 1898 fori
2312 1818 2697 1898 discipulam,

730 1922 932 1982 Plane.
988 1920 1105 1997 34,
1163 1920 1279 1996 83,
1329 1919 1434 1980 fin.
1455 1965 1473 1996 ‚
1515 1919 1682 1998 quod
1714 1938 2034 1998 perperam
2070 1919 2513 1999 interpretabar
2540 1920 2695 1982 Bibl.

729 2027 865 2087 crit.
907 2025 980 2085 N.
1022 2023 1134 2084 111.
1176 2042 1237 2102 p.
1279 2022 1380 2083 84.

813 2148 1128 2188 causarum
1146 2146 1409 2206 operam,
1442 2125 1523 2184 ad
1547 2146 1726 2204 quam
1741 2146 1848 2207 ego
1864 2145 2265 2205 numquam—
2277 2174 2297 2204 ,
2327 2129 2459 2187 eine
2479 2128 2698 2207 wad

731 2232 960 2292 nullam
987 2231 1268 2289 maiorem
1299 2248 1582 2307 umquam
1608 2248 1850 2288 caueam
1874 2249 2006 2288 eum
2033 2250 2213 2290 auem
2241 2229 2537 2312 accedere)
2576 2231 2701 2290 Ali·

731 2334 972 2416 quoties
1018 2335 1086 2393 in
1140 2333 1281 2412 ipsis
1327 2331 1667 2392 actionibus
1719 2330 1881 2390 idem
1944 2332 2130 2409 dicit,
2171 2334 2364 2393 veluti
2397 2333 2595 2394 Divin.
2632 2334 2697 2394 in

731 2438 950 2499 Caecil.
1008 2437 1125 2512 13,
1184 2435 1284 2496 41.
1336 2434 1503 2496 Verr.
1553 2435 1621 2511 1,
1663 2434 1781 2511 40,
1828 2435 1977 2497 103:
2029 2436 2236 2512 nobie,
2277 2436 2387 2516 qai
2429 2438 2701 2497 meditati

730 2545 812 2604 ad
859 2541 1173 2603 dicendam
1213 2542 1535 2620 paratique
1587 2541 1875 2602 venimus.
1956 2540 2087 2599 Iam
2119 2538 2483 2619 intelligitur
2515 2539 2697 2601 nihili

730 2667 856 2707 esse
873 2689 893 2722 ,
952 2665 1110 2725 quae
1166 2664 1202 2704 e
1253 2644 1403 2702 meis
1451 2642 1625 2702 libris
1675 2641 2014 2703 afferuntur
2032 2690 2050 2720 ,
2092 2655 2411 2724 apparatae
2440 2652 2503 2704 et
2529 2654 2697 2726 prae·

731 2749 1083 2810 meditatu.-
1139 2765 1478 2825 numquam
1538 2747 1935 2825 compositum
1984 2747 2412 2827 praemeditari
2461 2747 2541 2808 de
2590 2747 2698 2808 illa

734 2859 1043 2914 oratorum
1068 2849 1578 2911 commentatione
1602 2857 1948 2930 usurpatur.
2002 2849 2121 2911 Sed
2146 2861 2518 2931 quamquam
2539 2851 2699 2914 bene

729 2956 943 3017 Latine
992 2954 1104 3015 ista
1156 2953 1262 3035 (ad
1306 2974 1485 3033 quam
1537 2974 1645 3035 ego
1684 2981 1763 3000 —-
1795 2952 2031 3034 accedo)
2063 2954 2226 3014 dicta
2259 2963 2434 3032 sunt,
2476 2949 2695 3018 nihilo·

731 3059 935 3119 minus
969 3056 1354 3118 incommode
1387 3056 1493 3117 hic
1525 3056 1673 3135 poni
1703 3066 1872 3137 puto.
1952 3057 2225 3117 Primum
2260 3057 2463 3134 enim,
2497 3077 2693 3138 quum

733 3182 1047 3223 causamn
1093 3181 1267 3241 opera
1321 3161 1647 3220 maximam
1704 3168 1939 3240 partem
1987 3161 2370 3221 contineatur
2414 3162 2542 3242 ipsa
2590 3162 2698 3222 illa

731 3265 1189 3346 praeparatione
1241 3271 1304 3323 et
1353 3261 1779 3339 meditatione,
1838 3264 2142 3343 quomodo
2185 3265 2331 3325 ferri
2362 3274 2585 3343 potest,
2627 3273 2698 3326 nt

731 3368 898 3427 dicat
945 3386 1009 3425 se
1055 3363 1132 3424 ad
1185 3363 1348 3422 illam
1386 3385 1618 3443 operam
1651 3384 1778 3424 non
1813 3365 1926 3424 nisi
1946 3379 2231 3446 paratum
2263 3380 2320 3428 et
2350 3368 2695 3430 medum

731 3467 1044 3530 accedere?
1103 3465 1340 3527 Praesto
1384 3485 1512 3526 esse
1561 3466 1622 3525 d
1609 3475 1726 3528 ucat
1763 3469 1934 3547 quis,
1974 3489 2100 3548 quo
2132 3469 2305 3530 huic
2370 3481 2379 3492 '⁷

732 3577 1116 3645 occurratur,
1156 3569 1205 3627 si
1238 3568 1475 3647 legatur
1507 3570 1588 3630 ad
1617 3592 1799 3650 quae,
1832 3591 2053 3651 nempe
2085 3579 2307 3634 cannas
2332 3537 2521 3635 Bon
2554 3573 2695 3635 nutis

735 3682 858 3736 eet:
900 3693 1044 3733 nam
1093 3671 1342 3732 inutilia
1394 3678 1459 3731 et
1500 3673 1716 3751 putida
1747 3682 2065 3753 propterea
2099 3694 2347 3756 quoque
2378 3676 2491 3736 ista
2520 3684 2695 3753 sunt,

737 3777 906 3858 qnod
956 3775 1119 3835 idem
1161 3795 1270 3836 suo
1304 3776 1438 3836 loco
1469 3797 1611 3836 mox
1643 3775 1906 3853 dicitur,
1947 3780 2077 3837 eine
2111 3800 2229 3857 qua
2263 3781 2506 3840 dicendi
2538 3781 2697 3862 cogi-

737 3883 960 3942 tatione
993 3876 1176 3959 (quae
1205 3877 1332 3955 ipsa
1361 3878 1740 3957 praeparatio
1780 3887 1843 3939 et
1874 3880 2186 3942 meditatio
2216 3879 2329 3962 est)
2361 3882 2441 3941 ad
2468 3883 2696 3942 nullam

736 3987 1017 4045 maiorem
1055 4003 1334 4060 amquam
1369 4003 1609 4041 caueam
1641 4005 1770 4042 sam
1808 4005 1987 4043 aucus
2022 3986 2310 4045 accedam.
2391 3984 2593 4045 Restat
2627 3993 2697 4044 ut

737 4088 920 4147 verbn
955 4086 1060 4145 illa
1078 4130 1096 4159 ,
1136 4086 1215 4143 ad
1244 4106 1422 4164 quam
1455 4117 1538 4131 --
1569 4087 1780 4146 accedo
1800 4133 1818 4163 ‚
1858 4086 2190 4148 deleamus:
2231 4088 2455 4168 quibus
2490 4088 2698 4150 subla-

741 4191 818 4251 tis
865 4188 1223 4251 concinnius
1268 4188 1448 4248 etiarn
1499 4197 1559 4247 et
1600 4190 1788 4266 magis
1819 4211 1894 4249 ex
1925 4190 2229 4252 Ciceronis
2258 4191 2697 4251 consuetudine
