3131 5032
1093 443 1233 509 Lm.
1282 441 1411 526 111,
1466 442 1584 525 ll,
1635 446 1746 510 25.
2265 451 2391 515 623

435 670 576 727 sao,
607 656 847 711 revocat
869 649 937 708 in
962 647 1320 709 memoriam
1358 648 1560 708 locum
1589 647 1751 709 Flori
1776 647 1904 725 111,
1936 647 2042 725 13,
2069 649 2110 710 3
2125 697 2144 728 ,
2171 650 2240 711 in
2270 670 2398 730 quo

436 773 559 814 non
605 760 804 828 recte,
857 760 921 813 ut
959 752 1112 811 mihi
1144 752 1416 826 videtur,
1454 751 1758 830 principes
1793 752 1909 812 viri
1945 775 2045 813 rus
2079 775 2252 814 suum
2285 774 2398 834 pro

437 859 536 916 ius
558 877 732 916 suum
753 856 873 934 legi
898 856 1141 915 volunt:
1172 875 1308 915 nam
1327 854 1733 932 praemittitur
1750 855 1866 916 hoc
1891 856 1956 915 in
1983 877 2235 935 genere,
2261 858 2401 917 sub·
2469 847 2474 852 ’

438 959 606 1019 iectis
638 959 740 1032 iis,
773 975 931 1037 quae
961 959 1039 1018 ad
1073 958 1295 1037 triplex
1332 957 1489 1016 illud
1523 977 1719 1035 genus
1750 958 1956 1038 legum
1992 960 2401 1038 pertinebant.

514 1061 558 1141 §
598 1061 697 1122 25.
779 1074 883 1121 aut
912 1062 1195 1143 erigendi
1227 1081 1389 1142 reges
1421 1081 1543 1118 non
1559 1061 1844 1142 fuerunt)
1912 1063 2121 1123 Simile
2150 1062 2397 1122 initium

434 1165 799 1226 seditionum
850 1174 1132 1244 posuerat
1178 1165 1243 1224 in
1280 1183 1458 1224 causa
1492 1163 1812 1242 Caepionis
1855 1165 2191 1242 Antonius,
2232 1165 2398 1228 Orat.

435 1268 529 1345 11,
572 1268 685 1343 48,
734 1269 868 1330 199.

510 1375 603 1432 sic
636 1373 776 1431 data
808 1382 896 1430 est
928 1383 996 1429 ue
1027 1370 1232 1430 oeiultis
1255 1370 1763 1449 praeclarissimis
1790 1401 1872 1414 —
1905 1368 2151 1451 cederet)
2228 1372 2282 1432 N
2286 1370 2402 1444 ihil

433 1473 513 1533 de
558 1475 653 1533 his
704 1482 966 1548 constat,
1024 1474 1139 1532 nisi
1192 1481 1476 1549 corrupta
1513 1493 1671 1531 esse:
1724 1493 1850 1551 quo
1883 1473 2065 1534 modo
2102 1474 2399 1550 sananda,

434 1575 705 1635 nondum
740 1575 1061 1654 quisquam
1095 1574 1234 1633 satis
1264 1574 1418 1632 mihi
1447 1573 1692 1634 videtur
1724 1583 2024 1636 executus
2056 1596 2212 1652 esse;
2256 1595 2403 1637 nam

433 1697 617 1757 quum
658 1677 896 1737 vacillet
930 1676 1379 1756 interpretatio,
1421 1676 1702 1754 exemplo
1737 1685 1827 1736 est
1859 1677 2121 1737 Turnebi
2145 1686 2406 1738 annoto·-

434 1782 538 1841 tio.
617 1779 837 1839 Davisii
872 1778 1123 1857 quidem
1161 1779 1511 1837 coniectura
1555 1776 1648 1858 (ut
1687 1778 1850 1839 Setis
1873 1780 2402 1863 praeclarissimis)

432 1883 529 1943 vel
579 1882 718 1942 ideo
764 1880 1158 1962 improbanda
1209 1888 1334 1955 est,
1390 1879 1559 1959 quod
1585 1883 1896 1961 principes
1929 1881 2006 1941 de
2039 1881 2262 1942 Senatu
2301 1883 2405 1941 in·-

433 1984 830 2064 telligeudum
885 1984 962 2042 sit
985 2030 1002 2059 ,
1067 1985 1276 2062 itaque
1324 1981 1443 2065 hoc
1498 1981 1845 2059 diceretur,
1907 1984 2146 2063 plebem
2198 1984 2402 2045 addici

431 2088 612 2165 Setis,
645 2095 714 2146 ut
749 2086 983 2146 senatui
1017 2084 1281 2146 cederet.
1342 2085 1508 2158 Quae
1539 2084 1839 2145 sententia
1869 2086 1932 2145 in
1964 2087 2164 2147 verbis
2190 2088 2402 2164 lateat,

433 2192 662 2270 optime
711 2191 987 2269 exposuit
1042 2188 1373 2265 Madvigius
1412 2185 1751 2248 Emendatt.
1790 2208 1850 2267 p.
1888 2188 1997 2250 99:
2039 2211 2156 2251 nec
2194 2199 2403 2252 tamen

431 2293 762 2372 amplector
792 2293 924 2352 eius
952 2292 1363 2350 coniecturam
1379 2335 1395 2363 ,
1425 2298 1494 2347 ut
1521 2309 1632 2367 pro
1659 2291 1863 2349 multis
1893 2291 2131 2369 legatur
2158 2295 2401 2357 vinclis.

432 2394 621 2454 Multo
665 2394 852 2472 magis
895 2392 1096 2471 placet
1146 2389 1587 2451 substantivum
1641 2391 1967 2469 excidisse,
2010 2402 2143 2454 tum
2182 2416 2400 2475 super-

430 2496 685 2558 lativum
732 2503 923 2571 certe,
980 2494 1046 2555 in
1086 2493 1590 2574 praeclarissimis
1639 2493 1921 2554 vitiosum
1968 2514 2123 2573 esse,
2166 2505 2237 2557 ut
2273 2497 2402 2559 sor-

431 2609 616 2675 tasse,
669 2599 747 2660 ad
794 2597 1152 2658 sententiam
1186 2604 1352 2656 certe
1388 2596 1869 2672 accommodate,
1920 2598 2043 2677 legi
2077 2600 2291 2678 possit,
2332 2613 2400 2663 ut

430 2704 633 2762 multis
665 2701 997 2782 praeclaris
1032 2700 1333 2758 institutis
1371 2698 1774 2775 addiceretur,
1829 2698 1871 2760 i.
1905 2720 1960 2760 e.
1989 2699 2400 2781 adstringere·

430 2814 559 2865 tur:
604 2804 846 2864 nullum
895 2810 1063 2862 certe
1111 2802 1308 2881 aptius
1356 2800 1726 2860 vocabulum
1775 2801 2042 2880 reperio,
2081 2823 2206 2882 quo
2241 2805 2398 2865 indi·

428 2915 647 2967 centur
677 2926 773 2982 ea,
809 2925 968 2985 quae
1005 2905 1131 2982 ipse
1166 2904 1232 2962 in
1270 2903 1387 2962 hoc
1426 2923 1653 2981 genere
1686 2906 2047 2965 memoravit
2077 2926 2258 2985 supra
2296 2907 2395 2985 11,

435 3010 545 3086 12,
587 3008 684 3069 30.
738 3027 858 3088 sq„
901 3026 1039 3067 mox
1085 3006 1226 3084 Cap.
1283 3005 1387 3080 12,
1443 3005 1579 3066 init.
1635 3006 1713 3066 de
1748 3008 2056 3086 auspiciis,
2097 3009 2237 3089 Cap.
2282 3010 2397 3087 17,

429 3111 528 3173 38.
578 3130 666 3191 sq.
722 3110 800 3171 de
851 3108 1151 3188 suffragiis
1197 3107 1440 3183 liberis,
1498 3108 1639 3186 Cap.
1681 3109 1794 3184 19,
1835 3109 1913 3170 43
1960 3120 2024 3170 et
2063 3110 2161 3173 45.
2242 3112 2395 3174 Tum

429 3216 659 3295 ubique
694 3215 811 3275 hoo
847 3215 912 3272 iu
948 3212 1070 3272 suis
1102 3212 1340 3291 legibus
1375 3211 1640 3271 inculcat
1675 3211 1915 3289 Cicero,
1948 3221 2300 3291 potestatem
2327 3214 2395 3276 in

424 3320 679 3400 populo,
720 3316 1146 3379 auctoritatem
1187 3334 1374 3394 penes
1412 3322 1691 3374 senatum
1734 3334 1857 3375 esse
1894 3325 2193 3396 oportere.

1199 3518 1475 3586 CAPUT
1515 3517 1629 3585 xl.

505 3738 704 3787 nostra
732 3739 926 3787 autem
951 3747 1133 3787 causa
1158 3757 1231 3771 -—
1269 3726 1491 3785 incidit
1514 3726 1583 3783 in
1612 3725 2002 3785 tribuniciam
2018 3726 2393 3809 potestatem)

424 3831 746 3910 Perpetem
785 3830 1217 3908 interpretatur
1261 3829 1657 3903 Goerenzius,
1698 3828 1866 3907 quasi
1908 3828 2215 3889 diceretur
2250 3831 2393 3890 »in-

425 3932 614 3994 »cidit
669 3934 736 3992 iu
787 3932 1069 3992 Clodium
1125 3930 1357 3990 tribuni
1403 3938 1691 4009 potestate
1730 3929 2133 4009 praeditum.'’
2215 3932 2392 3995 Certe

425 4037 622 4098 multo
672 4036 980 4096 diversum
1032 4042 1120 4095 est
1167 4033 1430 4094 incidere
1477 4037 1549 4093 in
1594 4047 1836 4093 terrores
1882 4034 2272 4112 tribunicios,
2310 4034 2390 4096 ad

420 4138 554 4201 mv.
595 4139 686 4213 11,
750 4137 856 4211 18,
898 4138 965 4198 3:
1021 4155 1223 4215 neque
1271 4136 1579 4216 incognita
1608 4146 1696 4197 est
1731 4135 1882 4198 haec
1928 4137 2281 4215 significatio
2328 4159 2386 4199 v.
