3131 5032
663 639 850 711 facile
906 639 1258 733 quisquam
1326 656 1397 705 se
1452 656 1529 703 ex
1594 635 1719 703 hac
1772 636 2214 704 controversia
2252 636 2604 729 expediat,

663 767 785 838 nisi
844 769 899 838 si
964 765 1178 835 multo
1237 763 1432 858 plura
1497 760 1799 832 eiusdem
1870 762 2102 831 aetatis
2179 778 2609 835 monumenta

656 892 1075 989 proferantur
1110 914 1149 960 e
1191 914 1481 985 quorum
1525 890 1876 960 collatione
1918 890 2316 960 lineamenta
2351 905 2422 960 et
2456 893 2609 963 vul-

656 1034 805 1091 tum
843 1023 1065 1115 ipsum
1110 1020 1298 1090 istius
1330 1019 1531 1089 moris
1576 1018 2025 1089 conficiamus.
2126 1019 2468 1089 Praeterea
2513 1021 2610 1091 sic

654 1148 976 1243 putabam
1038 1148 1265 1241 quaeri
1322 1159 1629 1241 oportere
1682 1146 1751 1214 in
1811 1146 1938 1215 hoc
1992 1166 2186 1215 verae
2246 1145 2608 1240 elegantiae

656 1264 880 1346 studio
901 1327 921 1365 ,
971 1298 1106 1344 non
1160 1297 1365 1368 quam
1408 1274 1706 1343 Romane
1726 1322 1746 1360 ,
1796 1271 1916 1342 sed
1956 1295 2160 1366 quam
2209 1271 2383 1342 bene
2419 1274 2608 1367 quis-

655 1426 790 1497 que
837 1402 1226 1496 scripsisset.
1326 1402 1402 1471 In
1444 1401 1676 1495 primis
1736 1411 1961 1468 autem
2006 1400 2075 1468 in
2123 1421 2203 1468 eo
2257 1398 2396 1468 falli
2442 1399 2605 1469 mihi

653 1529 968 1599 videntur
989 1581 1008 1616 ‚
1075 1527 1261 1622 quod
1321 1528 1390 1594 in
1451 1527 1767 1597 Cicerone
1825 1537 1943 1596 aut
2000 1525 2450 1597 Salustianum
2488 1540 2606 1598 aut

655 1654 1123 1725 Cornelianum
1193 1676 1403 1745 genus
1469 1652 1804 1723 scribendi
1867 1654 2239 1746 requirunt.
2358 1654 2606 1741 Quidni

654 1783 833 1852 enim
865 1783 1089 1875 iniqua
1132 1780 1464 1851 videbitur
1498 1779 1835 1850 contentio
1854 1831 1874 1867 ,
1923 1780 1978 1849 si
2007 1778 2315 1851 historiae
2352 1782 2431 1852 iis
2476 1804 2602 1875 op—

652 1920 998 2002 ponuntur
1045 1906 1516 2001 scriptionibus
1574 1929 1742 1999 quas
1794 1906 2024 1976 Cicero
2070 1905 2393 2001 reliquit?
2467 1909 2601 1978 Du·

652 2034 843 2105 bium
884 2035 1085 2104 etiam
1122 2046 1224 2103 est
1243 2084 1263 2122 ,
1312 2034 1368 2103 si
1408 2034 1549 2127 ipse
1583 2033 1894 2103 historiae
1931 2034 2358 2128 scriptionem
2384 2057 2599 2107 susce·

652 2161 858 2255 pisset
881 2212 901 2250 ,
970 2163 1039 2230 in
1100 2183 1304 2255 quam
1371 2172 1632 2255 partem
1693 2158 2128 2231 inclinaturus
2185 2159 2418 2234 fuisset
2437 2215 2459 2252 ‚
2531 2166 2600 2233 in

651 2285 837 2355 illam
871 2308 1163 2357 severam
1199 2310 1276 2357 ac
1296 2285 1535 2355 duram
1555 2298 1675 2356 aut
1697 2296 1878 2355 certe
1914 2286 2202 2356 sobriam
2227 2290 2550 2359 rationem
2575 2342 2595 2378 ‚

654 2436 740 2482 an
785 2414 852 2481 in
892 2411 1210 2483 floridum
1250 2411 1434 2482 aliud
1480 2424 1548 2482 et
1588 2412 1837 2482 laetum
1880 2434 2088 2505 genus
2142 2415 2326 2507 quod
2368 2419 2484 2508 qui
2515 2439 2597 2487 ex

658 2542 957 2612 Isocratis
1026 2539 1251 2611 schola
1318 2539 1714 2634 prodierunt
1780 2554 2042 2612 secutos
2105 2563 2249 2613 esse
2317 2557 2594 2615 constat.

654 2667 833 2739 Nihil
897 2679 1157 2737 certum
1221 2666 1640 2761 pronunciari
1701 2679 1923 2759 potest
1976 2667 2129 2737 inde
2149 2719 2169 2757 ‚
2232 2670 2417 2763 quod
2438 2722 2458 2760 ,
2522 2686 2600 2743 ut

656 2798 726 2865 in
785 2793 1054 2867 exordio
1114 2793 1265 2864 libri
1332 2794 1527 2888 primi
1589 2795 1689 2864 De
1729 2793 2016 2886 Legibus
2055 2794 2336 2884 dicitur,
2387 2818 2595 2866 unum

653 2925 937 2993 maxime
974 2922 1333 2993 oratorium
1368 2921 1495 2990 boc
1534 2945 1707 3014 opus
1739 2944 1881 2990 esse
1914 2923 1974 2989 ei
2012 2922 2393 2993 videbatur:
2443 2946 2596 2993 nam

655 3065 802 3121 tum
851 3072 933 3118 ex
975 3048 1090 3116 illa
1137 3047 1622 3141 disputatione,
1671 3071 1877 3141 quam
1921 3048 1991 3116 in
2038 3049 2154 3118 11³0
2186 3049 2286 3119 De
2321 3050 2598 3120 Oratore

654 3177 817 3271 Cap.
850 3174 962 3246 12.
986 3199 1087 3270 sq.
1119 3173 1523 3268 consignavit
1543 3228 1563 3264 ,
1597 3173 1949 3245 conficitur
1983 3174 2387 3247 rhetoricum
2418 3191 2598 3249 certe

653 3303 986 3375 scribendi
1042 3325 1251 3394 genus
1296 3302 1358 3371 ei
1400 3302 1469 3371 in
1512 3301 1782 3373 historia
1835 3300 2252 3395 displicuisse
2267 3355 2287 3392 ‚
2338 3316 2483 3374 tum
2515 3326 2596 3374 ex

654 3430 942 3520 iudicio,
991 3429 1174 3523 quod
1229 3440 1456 3522 postea
1497 3427 1585 3497 de
1638 3426 2049 3498 Demochare
2101 3430 2593 3524 pronunciavit,

656 3559 1074 3651 maximeque
1114 3577 1195 3625 ex
1245 3554 1648 3626 nobilissimo
1695 3555 1876 3644 locO,
1926 3579 2140 3649 quum
2177 3555 2265 3624 de
2307 3556 2594 3628 Caesaris

654 3684 1140 3757 commentariis
1170 3682 1420 3753 iudicat
1449 3681 1665 3778 (Brut.
1705 3679 1805 3751 83
1835 3696 1906 3752 et
1955 3681 2081 3780 75)
2110 3697 2289 3754 recte
2314 3684 2594 3756 sensisse

651 3835 809 3883 eum
851 3822 1128 3906 apparet
1167 3810 1331 3904 quid
1371 3808 1719 3880 vitandum
1753 3820 1924 3881 esset
1962 3811 2033 3879 in
2071 3809 2374 3900 historia,
2408 3811 2590 3905 quod

655 3939 796 4011 aliis
836 3937 1105 4009 fortasse
1143 3937 1495 4031 generibus
1528 3939 1836 4009 orationis
1871 3937 2365 4009 concederetur.

752 4065 882 4135 Sed
920 4064 1043 4134 alia
1084 4088 1354 4158 quoquc
1393 4066 1480 4135 de
1517 4089 1712 4138 causa
1751 4065 1974 4157 iniqua
2013 4065 2212 4153 baec,
2247 4088 2333 4135 ne
2374 4066 2590 4135 dicam
