3131 5032
2377 534 2415 578 V

415 710 731 802 scriptum
770 708 959 779 fuisse
992 706 1326 800 probabile
1358 710 1478 791 sit,
1524 733 1602 781 ex
1636 733 1768 801 quo
1804 712 2003 781 nostri
2039 713 2174 781 fere
2207 716 2397 785 Codi-

414 845 520 891 σω
564 822 916 902 finxerim,
978 821 1200 912 itaque
1244 843 1387 890 eam
1408 873 1426 902 ‚
1484 845 1682 913 quam
1729 825 2275 916 wyttenbachius
2327 828 2400 895 in

418 935 821 1003 Praefatione
864 934 950 1001 ad
992 933 1408 1001 Plutarchum
1447 937 1834 1025 legitimam
1865 938 2183 1027 appellat,
2229 958 2396 1007 con·-

415 1047 644 1114 stituat
678 1045 1018 1115 lectionem
1040 1095 1058 1119 ‚
1104 1046 1351 1113 etiamsi
1392 1061 1765 1138 corruptam
1809 1048 2091 1129 iudicat3
2144 1065 2288 1119 tum
2321 1065 2400 1120 ut

417 1180 495 1225 ex
536 1157 826 1225 interiori
872 1156 1343 1247 interpretandi
1383 1158 1646 1225 scientia
1685 1159 1930 1227 divinet
1950 1209 1968 1241 ,
2022 1183 2192 1251 quae
2240 1187 2399 1229 vera

419 1269 611 1343 lectio
650 1269 887 1348 fuerit,
933 1268 1004 1336 id
1047 1282 1143 1337 est
1188 1291 1294 1349 ea,
1341 1292 1538 1360 quam
1581 1271 1927 1341 necessario
1960 1272 2213 1363 abipso
2243 1276 2400 1343 scri-

422 1396 611 1471 ptore
654 1381 1018 1472 profectam
1062 1380 1400 1450 existimet.

512 1495 605 1560 Be
654 1492 777 1560 hac
823 1514 1089 1584 quoqne
1122 1491 1372 1561 critices
1406 1508 1626 1583 parte,
1672 1517 1877 1585 quum
1923 1495 1995 1564 in
2028 1497 2397 1567 coniectura

423 1627 609 1673 verae
627 1604 917 1674 lectionis
931 1605 1266 1697 ingenium
1286 1605 1724 1696 periclitamur
1740 1658 1757 1686 ,
1788 1605 1950 1674 nihil
1979 1608 2187 1677 habeo
2216 1611 2400 1700 quod

425 1717 669 1786 addam
714 1739 833 1786 acu
842 1730 942 1784 tae
974 1717 1268 1808 Madvigii
1301 1717 1727 1809 disputationi
1771 1718 1843 1784 in
1873 1719 2099 1788 eadem
2137 1723 2400 1791 Praefa-

432 1830 608 1899 tione
654 1853 722 1921 p.
765 1832 948 1900 XLV.
981 1851 1122 1921 sqq.
1221 1832 1356 1898 Hoc
1405 1841 1667 1898 tantum
1707 1830 2130 1899 animadverti
2170 1832 2400 1911 velim.

426 1965 633 2034 quum
675 1942 858 2011 dicat
903 1942 1239 2034 »primum
1272 1942 1342 2009 in
1375 1943 1753 2012 coniectura
1787 1943 2221 2011 necessitatem
2249 1967 2402 2035 spe-

428 2053 641 2123 »ctari
684 2069 755 2122 et
794 2054 1157 2122 evidentem
1202 2054 1425 2122 mendi
1484 2054 2102 2124 demonstrationem
2125 2062 2189 2135 ,’'
2236 2055 2401 2125 nihil

426 2165 602 2235 aliud
656 2163 908 2246 dicere,
956 2163 1075 2233 nisi
1120 2166 1591 2257 interpretandi
1632 2181 1772 2234 arte
1815 2167 1939 2234 niti
1977 2189 2144 2236 eam.
2219 2171 2400 2235 'Nam

433 2302 636 2370 quum
676 2278 888 2347 omnis
927 2277 1333 2347 coniecturae
1372 2278 1708 2347 necessitas
1740 2278 1986 2349 oriatur
2018 2301 2096 2347 ex
2130 2280 2401 2349 dubita-

433 2390 613 2460 tione
658 2404 729 2458 et
773 2389 1164 2480 suspicione,
1226 2391 1385 2458 haec
1433 2391 1565 2481 ipsa
1611 2391 1813 2459 futilis
1854 2391 2014 2472 erit,
2062 2390 2182 2458 nisi
2216 2392 2405 2461 efflo-

437 2518 638 2572 rescat
668 2527 745 2572 ex
767 2515 1062 2572 accurata
1089 2503 1384 2573 omnium
1414 2525 1638 2573 eorum
1662 2503 1959 2586 scientia,
1984 2504 2220 2596 quibus
2244 2505 2404 2576 boni

434 2614 805 2705 inte-pretis
843 2635 1082 2680 munus
1128 2614 1494 2682 absolvitur.
1602 2616 1744 2683 Non
1781 2616 1917 2683 sine
1958 2638 2145 2685 causa
2186 2630 2404 2685 autem

432 2726 790 2816 exagitatur
837 2723 1190 2792 multorum
1237 2725 1308 2791 in
1354 2725 1478 2793 hoc
1525 2749 1763 2817 genere
1808 2727 2030 2795 levitas
2079 2728 2398 2818 quaedam

431 2852 503 2907 et
532 2837 969 2906 immodestia:
1015 2858 1184 2926 quae
1217 2850 1434 2903 tamen
1467 2860 1601 2904 non
1635 2838 1841 2905 acrius
1873 2837 2011 2906 istic
2032 2890 2049 2918 ,
2095 2862 2295 2930 quam
2329 2839 2399 2906 in

431 2951 727 3017 universo
792 2947 1265 3037 interpretandi
1331 2970 1604 3015 munere
1665 2949 2111 3038 persequenda
2171 2964 2397 3031 erant,

431 3073 545 3139 ut,
599 3059 777 3150 quod
816 3057 1012 3126 Stoici
1062 3056 1134 3123 in
1176 3057 1296 3124 alia
1342 3079 1414 3124 re
1455 3057 1899 3125 defendebant
1917 3108 1934 3138 ,
1984 3056 2092 3124 hic
2137 3079 2400 3149 quoque

426 3185 691 3263 peecata
738 3169 1025 3260 aequalia
1075 3170 1373 3238 habenda
1413 3169 1565 3238 sint.
1676 3173 1917 3241 Verum
1963 3170 2086 3238 hoc
2129 3169 2399 3241 interest

427 3285 598 3351 inter
654 3295 1010 3371 utrumque
1026 3332 1044 3362 ,
1106 3281 1289 3371 quod
1344 3304 1534 3372 prava
1594 3280 2047 3373 interpretatio
2111 3293 2249 3351 tota
2301 3298 2398 3353 est

426 3394 800 3462 damnanda
817 3444 836 3474 ‚
881 3393 952 3462 in
985 3394 1355 3462 coniectura
1400 3392 1542 3461 fieri
1592 3407 1803 3484 potest
1848 3409 1926 3462 ut
1955 3394 2164 3484 ipsum
2197 3394 2397 3478 illud,

426 3507 610 3597 qnod
652 3507 797 3598 quis
837 3504 1288 3597 excogitaverit
1328 3504 1781 3597 legitimaeque
1806 3504 2069 3572 lectioni
2094 3505 2398 3575 substitui

432 3619 618 3701 velit,
662 3618 893 3687 falsum
946 3632 1065 3687 aut
1108 3619 1404 3708 ineptum
1447 3617 1565 3697 sit,
1615 3616 1939 3685 dubitatio
1986 3631 2241 3698 autem,
2289 3618 2398 3688 cui

426 3729 536 3796 ina
603 3730 1002 3812 debebatur,
1083 3743 1153 3797 et
1221 3728 1443 3796 mendi
1520 3727 1987 3797 demonstratio
2057 3728 2396 3800 verissima.

428 3842 589 3922 sed,
633 3864 802 3931 quae
845 3840 1106 3932 probari
1145 3839 1344 3932 possit
1384 3840 1755 3908 coniectura
1776 3890 1794 3920 ,
1839 3861 1913 3907 ea
1944 3861 2098 3906 sane
2124 3840 2396 3930 requirit

424 3975 569 4020 eam
611 3953 855 4046 ingenii
888 3952 1303 4033 felicitatem,
1350 3974 1548 4042 quam
1594 3954 1877 4039 εὑςοχίαν
1906 3950 2135 4019 Graeci
2171 3952 2400 4042 appel-

426 4066 683 4149 labant3
729 4078 801 4134 et
831 4080 1052 4134 tannen
1094 4065 1252 4133 baec
1283 4063 1417 4155 ipsa
1450 4063 1623 4132 intra
1656 4075 1865 4131 certos
1895 4063 2060 4131 fines
2102 4063 2398 4132 contine-

432 4194 575 4258 tur,
621 4199 786 4267 quos
830 4190 1089 4268 praeter
1130 4189 1419 4243 mentem
1459 4193 1721 4264 quoque
1764 4187 1832 4242 et
1866 4174 2401 4244 consuetudinem

2069 4293 2103 4329 η.
