3131 5032
1112 473 1263 541 ιω.
1308 474 1401 559 11,
1463 477 1571 558 11,
1622 478 1729 541 26.
2274 481 2398 541 515

449 681 619 742 libris
672 678 991 760 descripsi,
1049 687 1252 740 tamen
1314 679 1589 742 nondum
1645 681 1771 741 hoc
1809 680 2064 761 probare
2126 701 2362 762 possum
2381 729 2400 759 ,

448 792 518 845 ut
533 832 554 862 ,
592 783 960 866 Pythagorae
989 782 1146 845 facta
1174 784 1517 860 mentione,
1559 786 1758 844 statim
1797 784 1864 843 in
1904 785 2115 846 eadem
2150 803 2218 846 re
2253 786 2412 847 alins

446 897 655 949 auctor
681 889 1011 949 sententiae
1034 887 1418 948 subiiciatur:
1459 888 1620 949 conf.
1648 908 1828 967 supra
1856 887 1934 947 ad
1958 888 2020 966 1,
2049 887 2152 966 12,
2180 889 2291 964 33,
2319 909 2406 968 sq.

446 992 723 1072 Suspicor
754 992 912 1053 hano
944 992 1203 1053 Thaletis
1235 992 1610 1052 mentionem
1635 992 2005 1054 subdititiam
2037 1012 2184 1066 esse,
2220 1011 2405 1071 quem

446 1096 796 1175 praesertim
835 1096 1043 1158 Cicero
1072 1114 1406 1176 numquam
1452 1097 1778 1176 appellavit
1808 1098 2308 1177 sapientissimum
2338 1097 2408 1153 in

446 1211 679 1280 septem.
773 1198 1029 1279 Reliqua
1092 1200 1178 1260 sic
1238 1199 1536 1260 constituo
1556 1222 1574 1258 ε
1635 1211 1692 1259 et
1748 1199 2011 1259 homines
2070 1200 2408 1260 exminuare

449 1313 702 1383 oportere
750 1305 950 1363 omnia
994 1322 1223 1363 eernere
1268 1301 1501 1362 deorum
1523 1303 1726 1381 plena.
1808 1299 1960 1362 Puto
1992 1302 2157 1362 enim
2190 1302 2256 1361 in
2290 1301 2409 1360 alia

445 1405 817 1466 correctione
834 1450 853 1481 ,
912 1407 1114 1465 omnia
1164 1423 1313 1484 quae
1373 1416 1670 1464 cernerent
1723 1405 1960 1465 deorum
2021 1426 2143 1465 esse
2191 1405 2372 1484 plena
2391 1449 2410 1479 ,

445 1506 605 1566 nihil
671 1506 843 1567 aliud
900 1507 1089 1567 latere
1148 1507 1267 1566 nisi
1326 1505 1485 1566 illud
1544 1506 1805 1568 Thaletis
1859 1506 2152 1587 placitum
2169 1553 2187 1582 ,
2246 1507 2411 1586 quod

444 1609 631 1670 huius
670 1609 792 1669 loci
836 1629 961 1670 non
1007 1617 1169 1670 erat:
1211 1610 1620 1690 praecipiebat
1668 1611 1833 1670 enim
1866 1610 1980 1670 hoc
2017 1609 2410 1690 Pythagoras,

447 1720 518 1773 ut
547 1721 869 1791 cernerent
900 1713 1177 1774 homines
1211 1714 1414 1774 omnia
1444 1712 1624 1790 plena
1657 1710 1911 1773 deorum
1928 1757 1946 1788 ,
1987 1713 2030 1772 i.
2066 1732 2120 1772 e.
2158 1713 2406 1791 templo·

446 1836 585 1877 rum
618 1824 679 1877 et
705 1816 1053 1896 signorum,
1093 1814 1260 1877 unde
1292 1816 1729 1891 existimarent,
1764 1834 1957 1894 eaque
1998 1815 2065 1875 in
2100 1815 2175 1875 iis
2208 1815 2414 1893 opinio

442 1920 917 1998 confirmaretur,
944 1940 1149 1981 secum
1172 1920 1446 1981 habitare
1468 1926 1808 1998 praesentes
1827 1917 1986 1980 deos.
2041 1918 2417 1979 Alienissima

442 2022 590 2087 hine
640 2032 729 2084 est
775 2024 946 2084 istius
999 2023 1261 2086 Thaletis
1308 2021 1519 2104 placiti
1564 2022 1857 2081 sententia
1873 2067 1892 2097 ,
1953 2041 2029 2081 ex
2078 2042 2201 2101 qua
2251 2031 2415 2082 certe

442 2128 616 2189 nulla
663 2130 884 2210 species
933 2128 1168 2188 deorum
1219 2127 1289 2186 in
1340 2126 1529 2187 oculis
1581 2125 1831 2185 excitari
1868 2133 1974 2184 aut
2007 2124 2206 2203 effingi
2240 2133 2417 2204 pote-

444 2237 559 2291 rat.
597 2258 676 2275 —
710 2230 952 2291 Comere
970 2277 988 2307 ,
1026 2239 1234 2291 contra
1267 2250 1447 2309 quam
1484 2230 1848 2289 Goerenzius
1884 2227 2101 2288 docere
2135 2237 2416 2305 conatur,

446 2330 527 2391 de
578 2332 846 2393 semibus
896 2332 1158 2406 dicitur,
1217 2341 1352 2391 tutn
1398 2332 1540 2408 hic,
1600 2341 1730 2392 tum
1782 2331 1967 2391 Acad.
2023 2331 2124 2408 11,
2186 2333 2262 2409 5,
2320 2331 2416 2393 14.

449 2431 620 2491 Tusc.
662 2433 727 2508 1,
766 2433 886 2509 20,
928 2433 1033 2508 46,
1078 2434 1210 2492 init.

632 2536 718 2595 uti
743 2537 853 2616 qui
872 2537 1135 2615 insanis
1164 2545 1354 2594 essent
1382 2537 1637 2593 maxime
1659 2534 1983 2616 religiosis)
2040 2534 2138 2595 Sic
2160 2533 2342 2596 Bnrn.
2362 2540 2419 2598 δ.

632 2638 829 2720 ’liquis
846 2685 865 2715 ‚
914 2639 1101 2699 semel
1147 2646 1391 2718 recepto
1439 2639 1683 2717 infans,
1723 2638 1960 2717 reliqua
1993 2636 2163 2719 (essee
2197 2646 2258 2698 et
2288 2640 2423 2699 reli·

632 2740 680 2823 s)
711 2743 924 2804 eodem
957 2743 1137 2803 modo
1173 2749 1454 2821 corrupta
1489 2748 1646 2802 sunt.
1729 2741 1860 2801 Non
1890 2741 2109 2803 idonea
2138 2741 2216 2802 de
2240 2762 2419 2804 causa

632 2866 709 2905 us
750 2847 937 2906 veluti
984 2867 1204 2926 quum.-
1253 2846 1320 2904 in
1363 2845 1473 2904 illo
1512 2845 1679 2905 enim
1720 2846 1998 2924 exemplo
2028 2845 2196 2924 quod
2229 2865 2418 2925 appo-

632 2949 849 3028 larusp.
893 2948 1065 3029 Resp.
1119 2948 1192 3024 4,
1233 2948 1309 3024 7,
1351 2948 1514 3007 idem
1558 2947 1898 3008 subiectum
1950 2956 2070 3025 est,
2106 2948 2171 3009 h.
2201 2948 2244 3009 l.
2281 2967 2415 3009 om—

655 3052 889 3112 castitas
913 3051 1226 3112 confertur
1257 3070 1401 3112 cum
1441 3050 1517 3110 iis
1555 3053 1664 3130 qni
1679 3097 1698 3127 ,
1740 3072 1863 3111 non
1903 3072 2101 3130 quum.

667 3157 828 3215 enim
873 3156 1157 3235 quaedam
1214 3156 1516 3235 opinionis
1562 3156 1785 3235 species
1829 3154 2065 3212 demum
2094 3156 2167 3213 in
2205 3151 2419 3235 oculis)

632 3258 1011 3319 sario-credo
1041 3257 1468 3338 corrigendum
1504 3278 1665 3333 esse,
1708 3266 1776 3317 ut
1811 3256 2036 3317 factum
2070 3256 2137 3316 in
2173 3257 2413 3334 Lag-om.

632 3370 682 3422 et
728 3360 875 3421 Ven.
895 3409 912 3437 ,
970 3362 1257 3442 quaedam
1299 3364 1580 3442 opinione
1609 3394 1707 3422 —.
1741 3362 1956 3420 Sensus
1997 3360 2161 3420 enim
2208 3359 2415 3419 nullus

632 3464 719 3525 hio
770 3484 894 3525 esse
944 3472 1049 3523 aut
1094 3471 1322 3543 potest,
1363 3471 1469 3524 aut
1504 3464 1718 3524 debet:
1760 3463 2088 3524 »homines
2120 3482 2314 3543 quum
2348 3463 2416 3522 in

632 3567 743 3645 plis
792 3566 1048 3628 deorum
1103 3575 1275 3643 sunt,
1336 3586 1675 3647 eorumque
1721 3568 2011 3646 imagines
2063 3568 2413 3642 intuentur,

632 3670 702 3729 ita
749 3671 1031 3747 opinione
1079 3679 1150 3729 ut
1201 3690 1408 3732 veram
1464 3670 1718 3732 deorum
1770 3671 2061 3750 speciem,
2122 3670 2375 3731 sormam
2393 3715 2414 3746 ,

632 3771 697 3830 lis
750 3790 997 3831 cernere
1054 3773 1170 3831 sibi
1221 3774 1580 3851 videantur,
1632 3793 1817 3855 quam
1877 3775 2230 3852 ceteroquin
2289 3792 2413 3833 non

658 3881 861 3934 mente
895 3873 1222 3935 informare
1258 3877 1485 3937 soleant
1503 3881 1559 3936 :’'
1603 3876 1681 3938 de
1715 3897 1839 3957 quo
1865 3885 2162 3955 postremo
2187 3877 2412 3953 Epicn-

453 3996 593 4037 rens
625 3975 787 4055 apud
819 3977 939 4036 cio.
973 3975 1105 4037 Nat.
1141 3976 1207 4038 I).
1243 3977 1304 4052 l,
1349 3978 1459 4054 18,
1502 3978 1613 4055 46,
1654 3978 1788 4037 init.
1869 3976 2020 4036 Hinc
2048 3975 2411 4053 intelligitur

452 4077 606 4141 haee
653 4078 976 4139 arctissime
1022 4097 1165 4140 cum
1211 4082 1619 4160 superioribus
1666 4079 1972 4158 iungenda
1991 4125 2010 4155 ,
2067 4098 2180 4139 nec
2233 4077 2412 4158 plena

454 4184 838 4245 distinctione
880 4182 1061 4244 fuisse
1099 4184 1444 4264 separanda.

2017 4284 2093 4343 33
2113 4289 2142 4320 ¹*
