3131 5032
499 597 646 669 eius
704 608 780 666 et
831 593 1164 665 emollitae
1218 592 1676 689 rotundaeque
1730 596 2037 668 orationis
2089 598 2445 672 artificium

500 735 694 794 tanto
750 722 973 791 minus
1028 720 1155 790 erit
1204 720 1274 788 in
1329 721 1487 791 vitio
1528 720 1914 815 ponendum
1937 774 1958 813 ‚
2006 724 2190 818 quod
2237 727 2448 797 acrior

502 873 733 921 sensus
772 848 994 919 decori
1017 900 1039 938 ‚
1081 857 1200 917 aut
1238 858 1419 918 certe
1458 845 1657 917 officii
1694 859 1765 917 et
1804 846 2229 922 humanitatis
2256 850 2451 923 latior

503 975 961 1069 interpretatio
979 1024 1001 1063 ‚
1050 973 1122 1041 in
1166 973 1438 1043 mutatis
1482 972 1828 1044 hominum
1863 975 2231 1049 rationibus
2276 979 2449 1049 iuter

504 1104 682 1196 ipsos
702 1153 723 1190 ‚
789 1100 1136 1195 paullatim
1203 1100 1553 1170 induxerat
1622 1099 1802 1171 hunc
1865 1100 2131 1173 dicendi
2196 1127 2453 1176 morem

507 1247 858 1321 usumque.
960 1225 1396 1316 Conceditur,
1462 1226 1732 1320 opinor,
1802 1227 1874 1296 in
1919 1226 2062 1299 aliis
2117 1230 2452 1302 scribendi

505 1352 856 1449 generibus
876 1403 898 1441 ,
947 1353 1018 1421 in
1070 1352 1302 1445 primis
1351 1374 1525 1445 quae
1569 1351 1931 1423 imitatione
1971 1352 2409 1429 absolvuntur
2429 1409 2449 1446 ,

506 1491 591 1549 ut
642 1491 1024 1548 exn-ancum
1082 1480 1232 1573 quis
1291 1477 1580 1549 colorem
1645 1477 2046 1572 vultumque
2093 1480 2451 1555 adsciscat:

510 1606 582 1674 in
638 1604 808 1674 vitae
859 1603 1118 1677 actione
1170 1625 1345 1697 quae
1382 1615 1684 1673 versatur
1725 1573 1933 1674 oratio
1974 1628 2111 1675 non
2147 1607 2452 1678 instituta

510 1742 771 1801 tantum
829 1730 1041 1824 patria
1066 1781 1087 1817 ‚
1135 1729 1255 1801 sed
1309 1750 1527 1800 mores
1581 1739 1653 1797 et
1707 1727 2126 1823 disciplinam
2184 1753 2456 1826 quoque

504 1855 749 1927 oeferre
806 1868 1091 1951 oportet.
1191 1855 1410 1943 Quare
1449 1856 1507 1926 si
1550 1855 1788 1927 vitium
1836 1853 2008 1925 illud
2065 1855 2455 1931 habendum

503 1987 596 2055 sit
650 1986 721 2053 in
778 1984 1094 2054 Cicerone
1114 2033 1134 2071 ,
1185 1994 1562 2076 temporum
1620 1994 1725 2052 est
1741 2033 1762 2071 ‚
1812 2004 1948 2051 non
1986 1981 2301 2057 hominis:
2347 1987 2453 2057 sin

508 2112 651 2206 ipsa
694 2132 818 2205 per
856 2132 929 2180 se
974 2132 1110 2180 non
1156 2108 1637 2180 contemnenda
1682 2106 1961 2179 facultas
2016 2122 2120 2181 eut
2142 2161 2164 2200 ,
2213 2128 2453 2207 operae

504 2239 799 2334 pretium
865 2238 991 2307 erit
1053 2260 1258 2330 quam
1323 2249 1480 2330 apte
1499 2288 1520 2326 ‚
1586 2258 1928 2330 quamque
1989 2236 2325 2329 eleganter
2383 2253 2454 2310 et

505 2364 795 2457 graviter
829 2386 908 2433 ea
935 2384 1095 2433 usus
1138 2362 1226 2433 sit
1254 2361 1479 2431 videre
1511 2373 1582 2431 et
1605 2340 2004 2447 'attendere3
2054 2375 2201 2435 tum
2236 2363 2453 2437 multo

504 2503 688 2563 certe
738 2489 1015 2584 aequius
1060 2487 1148 2559 de
1190 2488 1505 2560 Cicerone
1545 2486 1990 2561 iudicabimus
2010 2541 2031 2577 ‚
2080 2490 2139 2561 si
2178 2513 2337 2564 cum
2370 2514 2452 2564 eo

509 2615 903 2688 conferimus
954 2614 1067 2684 illa
1129 2627 1428 2710 tempora
1448 2667 1470 2705 ,
1534 2615 1783 2708 quibus
1843 2615 2109 2687 dicendi
2170 2616 2450 2692 facultas

506 2767 634 2839 per
673 2745 1107 2838 impotentem
1164 2742 1519 2812 Caesarum
1560 2740 1980 2811 dominatum
2021 2742 2110 2812 ad
2149 2746 2452 2838 turpissi-

506 2892 695 2938 mam
757 2867 1205 2938 adulationem
1255 2867 1441 2961 lapsa
1484 2878 1667 2955 erat,
1726 2889 1933 2957 quam
1970 2867 2028 2937 si
2071 2867 2213 2938 eius
2259 2868 2454 2940 volu-

508 2997 693 3066 mina
731 2996 1050 3087 exigimus
1090 2993 1178 3064 ad
1218 2993 1725 3065 Atheniensium
1761 2990 2108 3065 ferociores
2145 3015 2400 3067 sensus.

608 3122 775 3192 Fieri
807 3132 1030 3215 potest
1049 3172 1071 3210 ,
1098 3120 1406 3221 Zumpti,
1441 3119 1543 3188 vir
1577 3119 2134 3212 praestantissime
2152 3170 2172 3208 ,
2212 3132 2293 3191 ut
2318 3144 2453 3192 non

506 3248 784 3343 planum
824 3248 981 3318 satis
1027 3245 1290 3317 fecerim
1346 3245 1513 3339 quid
1568 3257 1638 3314 et
1679 3243 1880 3338 quale
1933 3258 2109 3316 esset
2152 3246 2222 3314 id
2268 3248 2452 3342 quod

506 3375 579 3444 in
619 3373 932 3445 Cicerone
971 3371 1434 3458 defendeoem3
1480 3393 1607 3442 nec
1661 3370 1982 3443 recusabo
2021 3372 2078 3442 si
2122 3373 2284 3444 mihi
2323 3398 2449 3468 po·

506 3501 641 3572 tius
679 3501 840 3570 vitio
881 3500 1153 3570 verteris
1172 3550 1193 3588 ,
1240 3522 1448 3593 quam
1486 3499 1746 3592 inopiae
1780 3498 1922 3568 eius
1960 3503 2276 3573 sermonis
2310 3526 2450 3596 quo

506 3639 682 3697 utor.
780 3625 915 3696 Sed
971 3638 1195 3696 tamen
1247 3646 1674 3720 quocumque
1714 3624 1844 3696 alio
1887 3627 1988 3695 uti
2028 3626 2404 3699 maluissem
2427 3681 2448 3717 ,

508 3776 641 3822 non
685 3775 822 3823 uno
863 3751 1189 3824 vocabulo
1233 3750 1506 3847 defungi
1541 3752 1907 3847 potuissem
1940 3765 2013 3822 et
2048 3765 2270 3839 cert03
2310 3767 2447 3824 tam

502 3878 780 3950 difficile
816 3891 919 3951 est
958 3902 1100 3950 rem
1121 3930 1142 3968 ‚
1185 3903 1358 3974 quae
1396 3901 1529 3950 non
1559 3880 1684 3949 nisi
1714 3876 2083 3949 subtilitate
2113 3881 2449 3973 cogitatio·

497 4007 603 4078 nis
675 4006 1084 4100 percipitur,
1151 4008 1241 4077 ita
1307 4018 1535 4078 notare
1597 4004 1835 4097 verbe,
1901 4017 1976 4077 ut
2031 4028 2178 4076 eam
2223 4007 2448 4077 statim
