3131 5032
1205 444 1351 514 Lm.
1395 444 1463 531 1,
1509 446 1589 531 8,
1635 441 1742 514 24.
2311 452 2439 520 343

484 649 877 713 affinnatione
894 695 914 726 ‚
954 649 1051 731 (ut
1084 649 1413 712 Goerenzio
1455 650 1776 712 videbatur
1806 648 1887 712 ad
1918 650 1983 711 11.
2020 652 2061 712 1.
2095 648 2302 734 Legg.)
2335 672 2445 732 po-

482 755 667 817 nitur.
685 755 887 815 —Ita
920 754 1086 832 quod
1118 753 1368 830 reduxi,
1403 755 1538 816 loeo
1573 755 1805 835 vulgati
1838 757 1956 815 ista
1972 801 1991 831 ‚
2020 755 2439 817 {mentientem

479 858 674 919 habeo
724 856 1092 936 Madvigium
1143 856 1510 935 Programm.
1545 858 1650 920 cit.
1687 877 1750 937 p.
1788 858 1891 917 11:
1931 877 2265 936 pronomen
2315 878 2440 921 11011

478 960 592 1021 isto
635 961 769 1021 loco
810 958 1162 1040 ponendum
1193 968 1356 1019 erat:
1399 980 1634 1040 neque,
1674 960 1723 1020 si
1756 961 1874 1021 hoc
1902 961 2289 1040 reputavisset
2308 1007 2326 1038 ,
2367 963 2436 1022 in

478 1072 600 1123 tam
653 1063 1142 1142 inexplicabilem
1191 1062 1659 1142 disputationem
1712 1064 2016 1124 incidisset
2063 1064 2320 1126 mosoma
2357 1064 2435 1126 ad

475 1167 542 1228 h.
597 1167 672 1227 l.:
723 1166 913 1244 magis
957 1166 1145 1226 miror
1204 1166 1516 1227 Ernestum
1535 1212 1552 1243 ,
1610 1166 1720 1246 qui
1770 1167 1929 1226 nihil
1992 1169 2222 1229 referre
2271 1168 2433 1231 dicat

479 1277 618 1330 utro
654 1268 835 1330 modo
871 1269 1125 1347 legatur.

547 1375 849 1454 perpetuis
867 1374 1138 1432 cursibus
1156 1373 1746 1452 conversionibusque
1758 1371 2124 1455 coelestibus)
2173 1374 2436 1436 Goeren-

475 1474 711 1534 renzius
726 1519 743 1549 ,
803 1472 1128 1553 diligenter
1179 1474 1407 1534 scilicet
1452 1473 1604 1534 haec
1642 1474 2071 1552 interpretans,
2114 1495 2318 1536 cursus
2352 1476 2431 1536 ad

475 1576 778 1655 planetas,
819 1580 1221 1637 conversiones
1257 1576 1335 1637 ad
1368 1577 1632 1656 reliquas
1670 1575 1902 1653 stellae,
1941 1596 2098 1656 quae
2127 1597 2268 1639 cum
2304 1580 2432 1659 ipso

476 1678 649 1739 coelo
673 1687 1018 1757 moventur,
1053 1680 1260 1740 refert.
1318 1679 1592 1740 Primum
1619 1679 1789 1740 nulla
1815 1699 1992 1740 causa
2023 1679 2435 1760 distinguendi

475 1789 625 1842 erat.
704 1782 855 1843 Tum
903 1785 1241 1863 promiscue
1286 1783 1397 1845 ista
1447 1783 1695 1845 nomina
1732 1784 2009 1862 usurpari
2041 1785 2179 1844 satis
2213 1785 2432 1847 docent

471 1885 590 1946 alia
624 1887 899 1967 exempla
930 1887 1095 1966 apud
1126 1887 1500 1949 Ciceronem:
1540 1886 1796 1966 Republ.
1823 1885 1933 1961 Vl,
1973 1887 2079 1962 17,
2119 1888 2213 1948 17.
2244 1890 2428 1952 Orell.

467 1987 694 2071 (Somn.
743 1990 901 2070 Scip.
949 1988 1014 2071 4)
1058 2011 1262 2051 cursus
1310 1989 1574 2051 refertur
1609 1989 1687 2050 ad
1720 1990 2018 2054 ἀπλανεῖς·
2058 1990 2191 2050 Nat.
2226 1991 2293 2051 D.
2333 1993 2429 2069 11,

474 2091 587 2169 19,
627 2092 708 2154 49
726 2137 744 2168 ,
785 2112 993 2153 rursus
1027 2114 1234 2154 cursus
1267 2093 1345 2154 ad
1377 2094 1684 2160 ἀπλανεῖς,
1731 2094 2032 2155 conversio
2065 2091 2143 2153 ad
2165 2094 2434 2174 planetas

469 2194 734 2273 pertinet
750 2240 768 2270 ‚
808 2201 872 2253 et
914 2193 1121 2273 paullo
1172 2194 1424 2254 inferius
1458 2193 1640 2255 modo
1676 2215 1938 2255 annuam
1968 2199 2398 2257 conversionem
2412 2243 2430 2273 ‚

470 2295 654 2355 modo
682 2315 914 2355 annuos
947 2316 1152 2355 cursus
1183 2303 1493 2355 memorat.
1554 2295 1769 2373 ltaque
1798 2295 1905 2354 ista
1936 2294 2002 2353 in
2020 2297 2434 2361 cumulatione

470 2403 818 2475 ponuntur,
838 2396 994 2456 sicut
1009 2397 1076 2455 in
1094 2395 1228 2455 aliis
1245 2394 1517 2455 eiusdem
1540 2395 1883 2473 argumenti
1900 2395 2206 2456 vocabulis
2229 2411 2432 2462 monet

469 2497 708 2560 eortius
733 2498 807 2560 ad
825 2498 978 2561 Plin.
997 2499 1143 2580 Epp.
1162 2498 1263 2574 VI,
1292 2497 1405 2574 20,
1434 2497 1493 2558 3.
1575 2496 1798 2557 Eadem
1831 2496 2061 2559 ratione
2095 2499 2256 2579 apud
2292 2501 2431 2563 Pla-

469 2610 672 2664 ionem
714 2603 900 2682 Legg.
943 2604 1014 2664 X.
1049 2623 1110 2682 p.
1147 2600 1297 2677 897,
1339 2601 1418 2678 C,
1469 2602 1503 2675 ἦ
1538 2606 1808 2677 ξύμπασα
1854 2604 2105 2680 οὐρανοῦ
2150 2607 2284 2670 ὁδὸς
2327 2613 2427 2666 καὶ

465 2710 621 2785 φορά
679 2714 781 2766 καὶ
837 2709 950 2767 τῶν
1000 2707 1064 2764 ἐν
1115 2709 1271 2782 αὐτῷ
1325 2705 1502 2764 ὄντων
1560 2708 1854 2771 ἁπάντων,
1898 2713 2003 2764 νοῦ
2050 2708 2280 2779 κινήσει
2325 2717 2425 2771 καὶ

465 2815 762 2888 περιφορᾷ
804 2816 906 2869 καὶ
949 2814 1253 2889 λογισμοῖς
1288 2811 1496 2885 ὁμοίαν
1530 2814 1713 2882 φύσιν
1748 2810 1896 2880 ἔξει.
1990 2807 2276 2886 Moserus,
2316 2812 2427 2892 qui

463 2919 713 2991 propter
762 2910 1065 2973 desectum
1113 2911 1367 2991 copulae
1401 2910 1467 2968 in
1498 2909 1777 2988 plurimis
1813 2908 1997 2970 Codd.
2039 2910 2242 2971 delere
2271 2913 2429 2974 vole·

463 3012 570 3074 bat
620 3014 891 3076 curribus
908 3061 927 3092 ,
977 3035 1102 3077 non
1151 3014 1439 3094 cogitavit
1489 3013 1674 3073 talem
1727 3012 2158 3090 negligentiam
2207 3016 2430 3077 millies

464 3115 875 3197 deprehendi:
934 3138 1110 3195 ecce,
1169 3117 1329 3178 infra
1378 3135 1509 3195 cap.
1570 3116 1683 3191 10,
1724 3114 1840 3190 48,
1881 3136 1992 3193 que
2026 3116 2304 3177 omissum
2338 3128 2428 3179 est

460 3228 594 3299 post
642 3221 1116 3281 coniunctionem
1132 3266 1151 3296 ‚
1209 3219 1278 3279 in
1326 3216 1825 3298 praestantissimo
1865 3217 2024 3278 libro
2052 3217 2210 3280 vose.
2234 3219 2308 3280 A.
2341 3252 2424 3268 —-

458 3321 756 3384 Laetantii
787 3323 983 3382 Instit.
1018 3322 1082 3381 11
1103 3367 1120 3397 ‚
1154 3321 1223 3382 11
1242 3367 1260 3397 ,
1300 3322 1436 3383 init.
1475 3322 1542 3381 in
1581 3320 1703 3380 alio
1735 3339 1957 3397 genere
1992 3321 2421 3400 negligentiam

455 3434 771 3488 notaverat
801 3427 924 3487 iam
955 3425 1186 3504 Lipsius
1218 3423 1473 3505 Physiol.
1506 3424 1684 3485 Stoic.
1717 3422 1849 3500 111,
1890 3422 1948 3483 4.

533 3530 853 3609 quondam
881 3531 1281 3590 maturitatem
1313 3528 1546 3588 serendi
1576 3528 1814 3609 generis
1845 3525 2117 3607 humani)
2192 3527 2270 3588 In
2295 3529 2414 3591 ele·

459 3628 1182 3709 mfflmel'romethei
1215 3630 1420 3692 fabula
1448 3629 1614 3709 apud
1649 3629 1879 3690 Platon.
1914 3629 2147 3710 Protag.
2180 3652 2240 3711 p.
2260 3632 2413 3710 320,

455 3732 509 3793 1)
525 3732 742 3815 (qum
757 3733 838 3797 ‘h
872 3735 1039 3795 omni
1054 3735 1172 3795 hac
1202 3734 1607 3815 disputatione
1624 3733 1875 3793 minime
1898 3734 2162 3813 neglexit
2178 3736 2412 3819 Cicero)

455 3835 718 3913 dicitur,
756 3838 961 3912 ὅπειδή
1009 3838 1074 3899 δὲ
1127 3846 1227 3899 καὶ
1278 3847 1510 3904 τούτοις
1560 3834 1856 3919 (θνητοῖς)
1895 3843 2104 3918 χρόνος
2145 3835 2330 3913 ἦλθεν
2374 3845 2409 3903 o‘

450 3942 802 4020 clpam
829 3944 1107 4021 γενέσεως
1139 3975 1240 4003 -.
1277 3942 1526 4003 Ser-endi
1574 3940 1828 4005 verbum
1873 3948 2180 4001 mutuatus
2212 3950 2298 4001 est
2329 3943 2407 4003 ab

449 4042 946 4109 eodm-*me
968 4046 1187 4107 Timae.
1223 4066 1284 4125 p.
1323 4045 1420 4106 41.
1457 4045 1520 4104 Ε.
1557 4043 1656 4104 42.
1695 4043 1770 4121 1),
1804 4050 1876 4103 ut
1908 4043 2034 4121 ipse
2068 4043 2132 4101 in
2162 4044 2402 4107 Timaeo

447 4146 588 4227 Cup.
646 4147 775 4223 ΧΠ.
822 4158 1101 4228 posuerat
1144 4151 1291 4211 eatis
1346 4160 1402 4208 et
1449 4149 1625 4227 quasi
1672 4148 1891 4226 spanis
1941 4148 2191 4206 animis:
2239 4146 2398 4208 cons.
