3131 5032
768 440 900 509 580
1468 437 1613 504 Lm.
1657 437 1789 521 111,
1841 443 1918 521 1,
1970 441 2029 502 1.

846 643 914 701 id
967 654 1052 703 ese
1102 641 1286 723 enine)
1386 642 1649 702 Inclinat
1697 642 1888 701 maior
1929 660 2067 719 pars
2117 640 2416 700 librorum
2461 640 2526 698 in
2578 639 2739 699 alte-

769 765 909 805 rum
966 745 1282 820 ordinem,
1348 746 1415 804 id
1478 747 1639 803 enim
1699 756 1802 803 est.
1885 745 2085 817 Quare
2134 742 2248 802 isto
2292 741 2473 802 modo
2521 741 2739 801 edide-

769 848 921 922 rim,
981 847 1411 926 explicandum
1480 867 1553 906 ex
1627 846 1960 906 rationibus
2017 866 2164 924 quas
2227 844 2495 904 indicavi
2553 862 2736 922 snpra

771 968 830 1026 p.
884 949 1025 1009 334.
1079 982 1159 995 -
1208 950 1282 1008 In
1337 949 1489 1023 fine,
1544 950 1759 1026 optimi
1806 967 2053 1027 quoqne
2097 946 2241 1006 libri
2285 947 2513 1006 habent
2559 944 2734 1004 vitio·

767 1070 901 1110 sum
935 1053 1220 1131 accepisti
1235 1076 1257 1109 .·
1297 1050 1629 1110 necessaria
1659 1050 1955 1111 correctio
1986 1049 2052 1107 in
2096 1049 2265 1108 libris
2298 1047 2738 1109 recentioribus

762 1152 1109 1231 recipienda
1148 1152 1285 1213 fuit.

1319 1660 1641 1733 LIBER
1697 1660 2174 1734 TERTIUS.

1567 2068 1844 2136 CAPUT
1885 2069 1936 2133 1.

834 2282 878 2364 §
923 2284 977 2343 1.
1058 2280 1315 2361 quadam
1370 2281 1764 2341 admiratione
1814 2278 2157 2361 commotus)
2251 2281 2613 2342 Goerenzins
2654 2282 2718 2340 in

758 2384 853 2443 his
899 2384 1262 2457 offenditur,
1316 2383 1483 2461 quod
1515 2382 1769 2461 quadam
1809 2382 2088 2457 additur,
2135 2381 2324 2461 idque
2360 2383 2722 2444 substantivo

755 2485 1182 2566 praepositum.
1245 2485 1331 2545 De
1358 2492 1661 2565 postremo
1686 2483 2022 2544 tenendum
2051 2492 2172 2545 tam
2197 2488 2516 2566 praeponi,
2545 2504 2722 2566 qnam

757 2579 1036 2668 postponi
1077 2590 1351 2667 quidam:
1395 2587 1559 2649 Offic.
1593 2589 1654 2662 1,
1697 2588 1797 2664 14,
1837 2587 1948 2661 44,
1986 2588 2241 2666 quadam
2265 2591 2466 2669 gloria
2496 2589 2722 2649 ductae.-

759 2689 920 2749 conf.
978 2690 1161 2749 Orell.
1210 2690 1287 2749 ad
1340 2691 1497 2751 Orat.
1550 2690 1577 2748 l
1596 2736 1614 2765 ,
1670 2690 1745 2762 5,
1805 2690 1914 2750 16:
1956 2696 2019 2748 et
2065 2689 2321 2749 varietas
2363 2691 2636 2751 lectionis
2662 2690 2726 2748 in

756 2791 884 2851 Pin.
918 2791 997 2851 lv
1013 2837 1030 2867 ,
1058 2792 1128 2866 7,
1160 2793 1252 2853 16.
1281 2809 1284 2812 ’
1336 2792 1679 2867 Praeterea,
1713 2791 1879 2871 quod
1906 2790 2049 2850 addi
2078 2792 2316 2850 volebat
2347 2792 2725 2864 Gom-ennius,

756 2902 825 2953 ut
882 2896 1189 2973 legeretur
1245 2891 1440 2955 nimia
1491 2895 1786 2973 quadam,
1840 2891 1992 2952 illud
2044 2894 2241 2970 ipsum
2286 2893 2442 2952 inest
2490 2894 2557 2952 in
2600 2912 2725 2972 pro·

758 2996 1046 3071 nomine,
1101 2996 1266 3075 quod
1317 3006 1379 3056 et
1428 2996 1636 3055 multis
1690 2994 1883 3054 modis
1935 2994 2220 3071 ponitur,
2279 3002 2343 3054 et
2387 3013 2557 3055 nuno
2590 3013 2724 3054 cnm

762 3097 1025 3176 quadam
1078 3098 1368 3176 vituperii
1414 3097 1883 3175 significatione,
1929 3095 2107 3154 aienti
2149 3095 2307 3154 bene
2348 3097 2414 3156 in
2447 3096 2558 3156 illo
2591 3093 2725 3154 Offi-

761 3200 994 3260 ciornm
1039 3200 1171 3260 loco
1222 3199 1650 3260 animadvertit
1698 3197 1960 3258 Beierus.
1999 3229 2083 3243 —
2115 3197 2246 3256 Mox
2264 3243 2282 3272 ,
2321 3198 2533 3279 diligis
2568 3196 2726 3257 edidi

762 3299 1013 3378 quidem
1080 3319 1154 3359 ex
1223 3300 1467 3378 optimis
1529 3299 1715 3371 meis,
1791 3298 1894 3357 aed
1957 3307 2191 3376 praesto
2260 3307 2349 3358 ost
2417 3299 2728 3359 auotoritas

762 3401 970 3461 Ambr.
1009 3423 1062 3480 γ.
1095 3409 1157 3460 et
1196 3402 1434 3479 Lagnm.
1469 3400 1569 3461 39.
1604 3400 1713 3478 qui
1749 3400 1906 3460 dieis
1937 3400 2201 3476 habent,
2232 3419 2397 3479 quae
2430 3402 2726 3461 verissima

761 3503 1060 3563 eorrectio
1102 3511 1208 3563 est.

844 3607 1025 3664 istum
1078 3607 1305 3684 ὀρειιηι,
1366 3602 1593 3685 Attice)
1691 3605 1763 3664 Ut
1817 3604 1880 3665 h.
1935 3606 1978 3666 l.
2032 3606 2169 3665 dico
2209 3605 2608 3684 intelligitur,
2647 3605 2723 3663 ita

763 3705 920 3765 dieis
969 3705 1096 3764 Fin.
1146 3705 1246 3779 11,
1298 3708 1356 3766 5.
1397 3706 1502 3767 fin.
1584 3707 1657 3765 Et
1700 3707 1890 3784 haee,
1933 3714 1995 3768 et
2038 3726 2179 3768 mox
2218 3708 2337 3769 alia
2376 3708 2723 3768 exciderunt

758 3808 827 3866 in
868 3808 1109 3886 Lagom.
1152 3804 1270 3882 ω,
1313 3808 1419 3868 sed
1459 3828 1628 3869 mera
1670 3809 2062 3889 negligentia.

844 3912 1122 3990 quoniam
1154 3908 1414 3991 quidem)
1494 3910 1592 3971 sio
1618 3913 1831 3990 optimi
1863 3912 1985 3972 mei
2012 3910 2304 3973 indicent.
2363 3912 2489 3972 Neo
2516 3930 2720 3974 verum

763 4018 851 4070 est
871 4058 887 4087 ‚
946 4012 1114 4092 quod
1179 4011 1436 4073 affirmat
1498 4014 1860 4075 Goerenzins
1874 4058 1894 4091 ,
1963 4014 2261 4074 rarissime
2320 4017 2604 4094 quoniam
2659 4013 2719 4071 in

760 4114 994 4190 quando
1034 4115 1430 4193 depravatum
1472 4135 1616 4175 esse.
