3131 5032
560 1137 1017 1238 CAROLO
1077 1142 1670 1243 TlMoTllEo
1730 1145 2225 1244 ZUMPTIO

1262 1475 1316 1521 S.
1370 1476 1429 1520 Ρ.
1481 1476 1544 1520 D.

959 1732 1439 1785 ΙθΠΑΝΠΕΙ
1474 1734 1852 1787 luam--

533 2478 969 2600 Quamquam
1001 2497 1214 2569 multa
1246 2510 1439 2587 sunt,
1474 2499 1746 2594 Zumpti
1768 2551 1788 2588 ‚
1822 2500 1923 2569 vir
1949 2504 2377 2597 praestantis-

428 2631 633 2719 sime,
656 2629 906 2725 quibus
938 2639 1019 2697 tu
1043 2639 1112 2696 et
1148 2625 1307 2696 alios
1346 2648 1658 2719 superas,
1696 2640 1766 2696 et
1798 2650 1940 2717 me,
1979 2628 2119 2700 duo
2154 2644 2379 2701 tamen

438 2755 605 2824 mihi
632 2769 851 2827 tecum
885 2755 1367 2825 communicata
1402 2753 1688 2826 arbitror
1702 2805 1722 2843 ‚
1771 2754 1889 2825 sed
1926 2779 2101 2850 quae
2131 2757 2375 2828 iudicio

424 2883 677 2974 magis,
714 2904 918 2975 quam
948 2892 1064 2952 aut
1092 2880 1336 2973 ingenii
1369 2892 1489 2949 aut
1512 2878 1856 2950 doctrinae
1876 2882 2075 2950 laude
2100 2905 2378 2952 censen-

434 3021 574 3078 tur.
674 3008 839 3077 Nam
897 3020 966 3078 et
1020 3017 1200 3078 recte
1240 3004 1453 3077 facere
1503 3017 1821 3100 putamus
1846 3057 1867 3093 ‚
1913 3028 2170 3075 summa
2220 3030 2381 3076 cura

419 3136 483 3205 si
535 3134 836 3204 Tulliam
873 3133 1208 3204 volumina
1243 3132 1536 3228 expolire
1578 3156 1935 3222 conamur,
1976 3145 2081 3223 et,
2120 3135 2377 3206 etiamsi

422 3273 550 3331 tua
605 3259 728 3330 tibi
784 3261 930 3330 iure
996 3259 1220 3355 placet
1280 3260 1483 3347 ratio,
1549 3281 1735 3328 meae
1790 3283 1899 3329 me
1959 3272 2107 3330 tum
2157 3261 2378 3333 minus

416 3388 724 3483 poenitet
782 3387 841 3457 si
895 3410 1102 3481 quam
1163 3387 1462 3482 proxime
1508 3386 1596 3456 ad
1655 3399 1724 3456 te
1767 3388 2075 3458 accedam
2099 3440 2119 3476 ‚
2181 3412 2377 3484 prae-

412 3527 715 3586 stantem
768 3527 1054 3609 uterque
1103 3527 1405 3585 nostrum
1453 3513 1704 3585 iudicat
1744 3538 1892 3586 eam
1941 3538 2121 3606 ωδε,
2169 3540 2377 3612 quam

414 3639 795 3733 Madvigius
858 3642 929 3710 iu
990 3640 1449 3736 compluribus
1521 3640 1709 3712 libris
1781 3642 1978 3714 editis
2035 3643 2374 3738 explicuit.

415 3768 620 3839 nanc
657 3768 780 3837 nisi
826 3769 1233 3861 agnovissem
1280 3766 1656 3838 studiorum
1700 3767 2062 3864 iudiciique
2099 3793 2378 3842 consen-

411 3895 677 3964 sionem
699 3946 720 3982 ,
770 3916 898 3964 nec
947 3907 1288 3989 praeterea
1326 3895 1720 3965 suavitatem
1765 3907 1949 3964 tuam
1981 3909 2054 3966 et
2086 3897 2159 3965 in
2196 3899 2376 3968 omni

406 4042 730 4092 samone
770 4044 851 4091 ac
878 4020 1331 4117 disputatione
1360 4020 1846 4092 humanitatem
1878 4043 2188 4118 praesens
2220 4047 2375 4095 sen-

405 4149 654 4220 sissem
672 4199 693 4235 ‚
743 4171 960 4240 quum
1010 4161 1166 4220 ante
1215 4147 1472 4241 aliquot
1541 4171 1748 4220 annos
1807 4148 2212 4240 Lugdunum
2258 4173 2380 4219 uo-
