3131 5032
836 418 966 485 424
1513 413 1658 482 Lm.
1703 412 1770 499 1,
1825 415 1935 500 19,
1980 418 2089 484 52.

831 620 1222 706 Crustu(al.
1267 620 1673 702 Scaevolam).·
1711 622 1784 680 in
1816 618 2141 696 Semela,
2178 617 2452 682 absolute
2485 621 2760 700 ponit-mu
2775 667 2805 700 ‚

826 735 948 802 eet,
1004 744 1195 805 quum
1248 721 1661 785 adversarium
1711 723 1780 784 in
1828 721 2062 783 iudicio
2106 721 2361 783 haberet
2407 723 2802 802 samolum,

825 848 1028 907 neque
1077 826 1207 888 ullo
1253 825 1437 887 modo
1488 824 1750 903 intelhgi
1806 823 2032 884 debent
2092 824 2255 884 dicto
2304 827 2377 884 in
2420 826 2799 885 Scaevola-c.

820 931 1023 992 Milon.
1056 929 1164 1006 12,
1203 929 1319 1005 32,
1359 931 1560 1007 itaque
1603 926 1757 988 iuna
1799 926 2148 987 cassianum
2178 958 2262 969 —
2293 927 2366 985 in
2395 926 2492 986 Ιιὺ
2513 930 2800 1007 penem}

822 1035 1018 1095 valeat
1035 1078 1053 1108 ,
1092 1032 1136 1094 i.
1174 1052 1227 1092 e.
1261 1050 1454 1111 quum
1500 1030 1818 1110 quaeritur
1860 1037 2002 1090 uter
2047 1028 2170 1089 utri
2207 1028 2372 1110 (milo
2407 1049 2489 1090 an
2522 1030 2799 1113 Clodius)

820 1136 1070 1196 insidias
1115 1134 1361 1194 fecerit:
1416 1132 1617 1193 Plane.
1654 1128 1765 1208 20,
1799 1129 1901 1207 49,
1936 1130 2040 1193 fin.
2070 1134 2244 1192 cuiue
2271 1134 2343 1192 in
2366 1133 2613 1211 honore,
2655 1135 2701 1193 i.
2732 1154 2795 1196 e.

822 1259 1016 1318 quum
1054 1238 1314 1317 populus
1346 1255 1490 1295 eum
1524 1232 1784 1296 aedilem
1818 1234 2085 1295 creabat:
2122 1235 2200 1296 ad
2232 1235 2367 1296 Div.
2403 1234 2513 1312 vl,
2554 1237 2633 1313 6,
2678 1236 2793 1312 1⁰,

820 1352 887 1401 at
918 1342 988 1399 in
1016 1343 1146 1400 eim
1178 1336 1499 1420 (Pompeii)
1521 1358 1777 1419 pmcne
1813 1339 1997 1398 multa
2008 1340 2175 1420 feeit
2199 1340 2500 1419 σιραίου,
2526 1346 2598 1399 ut
2623 1348 2795 1399 recte

819 1443 1012 1504 edidit
1044 1441 1336 1520 Orelliue3
1380 1441 1488 1501 alii
1508 1461 1843 1522 per-sonam.
1924 1441 2009 1501 Ex
2046 1441 2180 1501 aliie
2220 1442 2615 1521 scriptoribus
2653 1443 2795 1504 ntia

818 1546 1236 1626 exemplorum
1266 1550 1569 1625 praestant
1595 1543 2001 1606 Ruhnkeniue
2030 1544 2109 1604 ad
2143 1544 2296 1606 Vell.
2336 1544 2466 1607 Pat.
2500 1545 2558 1621 1,
2592 1545 2703 1623 12,
2728 1545 2793 1608 7.

816 1649 915 1726 11,
968 1649 1084 1725 31,
1133 1648 1192 1709 3.
1229 1655 1294 1709 et
1328 1647 1443 1725 43,
1483 1647 1543 1709 3.
1584 1648 1817 1709 Cottius
1866 1647 1946 1709 ad
1992 1647 2206 1709 salust.
2258 1647 2498 1710 Catilin.
2551 1648 2673 1725 xl,
2715 1648 2791 1727 4,

815 1753 926 1830 LI,
965 1753 1025 1815 6.
1066 1752 1211 1827 LII,
1255 1750 1352 1814 12.
1391 1751 1642 1812 Beierus
1668 1749 1748 1810 ad
1782 1749 1946 1812 offio.
1979 1750 2043 1828 1,
2084 1750 2192 1826 39,
2238 1749 2387 1811 1393
2427 1769 2547 1811 nee
2582 1758 2792 1811 tamen

813 1856 918 1917 hic
967 1854 1047 1916 ad
1101 1854 1229 1930 111,
1292 1853 1402 1930 14,
1469 1853 1550 1915 60
1569 1899 1586 1928 ,
1652 1852 1931 1913 deserere
1989 1851 2284 1912 debuerat
2351 1851 2750 1932 Heusingueroe
2767 1899 2788 1930 ,

814 1958 1001 2019 verba
1049 1959 1120 2016 in
1169 1956 1385 2036 quibus
1435 1957 1589 2035 ipsis
1641 1955 1946 2015 verissime
1996 1954 2462 2033 interpretantes
2493 1957 2790 2037 formulis

803 2059 1204 2142 proferendie,
1240 2059 1283 2118 i.
1299 2078 1355 2118 e.
1382 2077 1580 2138 quum
1606 2057 1740 2116 illas
1768 2057 2058 2117 formulae
2091 2056 2500 2137 proferebant.
2583 2059 2787 2139 Atque

813 2163 963 2223 hinc
996 2161 1224 2221 factum
1253 2168 1341 2220 eet
1356 2204 1375 2236 ,
1409 2167 1481 2220 ut
1512 2178 1970 2239 nonnumquam
2013 2160 2356 2239 explicandi
2390 2180 2572 2222 causa
2604 2162 2788 2240 parti·

812 2266 1043 2346 cipium
1097 2263 1526 2343 interpolatum
1577 2264 1654 2322 eit
1670 2309 1690 2339 ,
1746 2260 1913 2343 qnod
1963 2282 2089 2322 uno
2145 2263 2459 2343 alteroque
2508 2265 2789 2343 exemplo

814 2367 1049 2429 ostendi
1087 2367 1155 2426 in
1192 2366 1470 2427 Sextiam
1487 2412 1507 2443 ,
1547 2365 1744 2427 Schol.
1785 2366 2079 2446 Hypomn.
2119 2365 2172 2428 1.
2210 2385 2270 2445 p.
2308 2365 2446 2429 126.

894 2471 938 2555 ς
979 2471 1078 2533 52.
1176 2490 1319 2531 nam
1369 2471 1430 2531 si
1468 2480 1711 2552 propter
1755 2470 1913 2530 oliae
1961 2491 2053 2530 reo
2104 2469 2205 2552 -)
2302 2470 2462 2532 Nam
2510 2469 2786 2532 firmatur

816 2594 1095 2636 meorum
1147 2574 1440 2635 librorum
1486 2573 1843 2633 auctoritate
1856 2597 1874 2651 ;
1910 2592 2282 2654 quamquam
2310 2594 2386 2634 ex
2414 2573 2491 2632 iis
2523 2594 2787 2655 quorum

816 2678 976 2739 ratio
1016 2675 1299 2737 habenda
1348 2683 1436 2735 eat
1453 2722 1474 2753 ,
1531 2675 1574 2736 C
1620 2675 1667 2735 E
1715 2675 1944 2736 habent
1988 2688 2276 2756 postremo
2291 2700 2321 2750 ,·
2376 2677 2544 2757 quod
2591 2697 2786 2757 quum

816 2780 1079 2842 nonem
1133 2787 1431 2853 servaret,
1484 2798 1663 2853 nom,
1721 2777 1955 2856 inquit,
2017 2797 2142 2838 non
2198 2779 2355 2839 bene
2402 2779 2787 2841 continuaret

815 2883 1171 2945 orationem.
1270 2880 1388 2942 Sed
1448 2882 1840 2942 continuatur
1899 2880 2329 2943 demonstratio
2392 2880 2472 2943 de
2522 2884 2783 2961 virtute,

816 2987 995 3048 cuiue
1046 2991 1473 3064 argumentum
1521 2984 1705 3045 modo
1758 2984 2154 3046 enunciatum
2204 2994 2366 3045 erat:
2422 2993 2485 3045 et
2527 2986 2615 3048 eie
2644 3007 2786 3047 nou·

817 3090 1069 3171 ponitur
1129 3107 1309 3168 supra
1377 3087 1516 3167 Cap.
1588 3087 1702 3163 16,
1771 3086 1867 3149 45.
1930 3087 2039 3164 19,
2099 3086 2198 3148 51.
2298 3086 2614 3149 Praeterea
2665 3108 2787 3171 po-

818 3204 1029 3253 ntremo
1088 3199 1242 3251 esset
1289 3190 1421 3250 eius
1437 3234 1458 3266 ,
1510 3188 1623 3269 qui
1670 3190 1851 3250 certis
1898 3189 2122 3251 finibus
2154 3189 2486 3252 orationem
2520 3191 2787 3253 eircum-

817 3293 1177 3375 scripsisset.
1233 3299 1443 3354 eontra
1504 3292 1639 3370 hie,
1703 3298 1777 3354 ut
1823 3313 1965 3355 mox
2019 3293 2297 3372 subiicit,
2354 3294 2475 3356 alia
2526 3314 2604 3355 ex
2650 3294 2784 3356 aliia

818 3404 1169 3460 nectuntur.

901 3502 1114 3561 mlius
1165 3520 1287 3559 ease
1330 3497 1589 3582 aliquid)
1666 3438 1876 3562 Amhr.
1917 3504 1977 3579 β.
2014 3503 2201 3563 aliud.
2281 3501 2356 3563 Et
2391 3500 2560 3582 quod
2607 3502 2787 3563 multi

821 3603 942 3665 viri
986 3601 1149 3663 docti
1196 3601 1413 3663 docere
1461 3604 1687 3681 solent,
1746 3606 1983 3685 aliquid
2029 3607 2175 3686 poni
2229 3625 2341 3686 pro
2363 3602 2565 3667 aliud
2600 3608 2782 3687 quid,

819 3705 1247 3790 (Ruhnkenius
1300 3706 1377 3766 ad
1422 3705 1578 3770 vell.
1628 3707 1750 3769 Pat.
1807 3708 1837 3768 1
1856 3755 1874 3784 ,
1920 3710 2026 3785 17,
2086 3712 2146 3772 7.
2245 3710 2647 3790 flausingen-us
2708 3710 2784 3771 ad

822 3809 988 3871 Offic.
1042 3809 1138 3885 11,
1197 3808 1313 3886 21,
1374 3810 1469 3873 11.
1532 3811 1885 3872 Garatonius
1937 3812 2015 3872 ad
2067 3814 2222 3875 Sext.
2276 3814 2393 3891 64,
2455 3813 2597 3894 135)
2655 3820 2785 3894 post

824 3912 1106 3992 Madvigii
1142 3910 1616 3974 admonitionem
1649 3912 2048 3976 deserendum
2079 3924 2194 3976 est:
2235 3924 2295 3976 et
2326 3925 2492 3977 certe
2525 3917 2783 3978 Goeren-

820 4018 947 4077 zius
996 4016 1228 4077 fallitur
1244 4062 1263 4094 ‚
1323 4017 1389 4075 in
1440 4016 1569 4077 Fin.
1616 4017 1716 4092 11,
1773 4016 1883 4094 19,
1933 4019 2046 4096 62,
2088 4031 2201 4080 tres
2235 4020 2431 4103 oliqtoi
2460 4019 2786 4085 istomodo

822 4119 1199 4197 intelligenS,
1238 4137 1431 4198 quum
1467 4118 1544 4177 eit
1579 4117 1876 4181 Graecum
1912 4132 2072 4200 τρεῖς
2108 4144 2283 4187 τινες.
