3131 5032
1704 437 1800 511 32

776 648 997 723 verbo
1052 649 1512 749 philosophia
1565 674 1830 723 nomen
1893 654 2203 741 invenit,
2251 675 2398 749 qua
2452 650 2632 724 nihil
2680 676 2725 726 a

773 770 910 842 diis
940 768 1463 843 immortalibus
1500 769 1824 859 uberius,
1876 770 2053 842 nihil
2088 769 2495 860 florentius,
2547 771 2724 843 nihil

771 886 1268 987 praestabilius
1321 886 1701 959 hominum
1756 894 1940 960 vitae
1993 888 2243 962 datum
2298 903 2425 961 est.
2535 895 2727 962 Haec

772 1011 965 1079 enim
1021 1033 1167 1079 una
1222 1032 1354 1079 nos
1412 1032 1642 1104 quum
1698 1022 1967 1080 ceteras
2020 1034 2134 1081 res
2191 1033 2473 1098 omnes,
2533 1023 2726 1101 tum,

770 1126 974 1224 quod
1026 1141 1134 1199 est
1182 1124 1717 1216 difficillimum,
1768 1126 2015 1199 docuit
2065 1143 2148 1200 ut
2198 1143 2479 1200 nosmet
2529 1130 2727 1228 ipsos

659 1264 668 1273 ·
773 1271 1267 1319 nosceremus:
1313 1250 1515 1318 cuius
1550 1251 1910 1346 praecepti
1947 1261 2141 1321 tanta
2177 1251 2317 1337 vis,
2356 1263 2428 1319 et
2456 1258 2475 1296 ¹
2532 1261 2728 1320 tanta

773 1369 1128 1451 sententia
1178 1380 1319 1454 est,
1385 1381 1466 1437 ut
1523 1390 1608 1437 ea
1660 1379 1809 1436 non
1867 1365 2144 1438 homini
2199 1371 2546 1466 cuipiam,
2603 1367 2730 1439 sed

614 1502 704 1554 59.
783 1483 1124 1584 Delphico
1163 1484 1304 1557 deo
1353 1485 1813 1557 tribueretur.
1913 1488 2096 1558 Nam
2141 1489 2271 1585 qui
2317 1509 2394 1557 se
2434 1490 2672 1585 ipsum
2697 1500 2729 1541 ²

776 1608 1004 1695 norit,
1036 1607 1354 1704 primum
1385 1603 1660 1701 aliquid
1685 1627 1762 1675 se
1786 1602 2053 1676 habere
2080 1607 2342 1675 sentiet
2368 1605 2692 1675 divinum
2711 1656 2732 1691 ,

777 1726 1295 1820 ingeniumque
1356 1725 1429 1793 in
1488 1746 1564 1793 se
1610 1746 1821 1793 suum
1867 1724 2050 1793 sicut
2099 1720 2562 1812 simulacrum
2607 1721 2732 1793 ali-

775 1842 974 1940 quod
1020 1841 1426 1913 dedicatum
1468 1838 1784 1940 putabit,
1838 1854 2185 1937 tantoque
2224 1865 2525 1913 munere
2563 1840 2736 1913 deo·

776 1987 938 2034 rum
988 1986 1272 2060 semper
1313 1960 1612 2058 dignum
1652 1959 1917 2056 aliquid
1958 1975 2030 2032 et
2070 1960 2282 2033 faciet
2315 1974 2389 2032 et
2430 1965 2730 2033 sentiet:

776 2093 883 2174 et,
934 2103 1165 2176 quum
1195 2103 1271 2150 se
1311 2082 1463 2177 ipse
1497 2083 1942 2178 perspexerit
1978 2092 2366 2176 totumque
2398 2084 2732 2169 tentarit,

776 2200 1124 2297 intelliget
1156 2199 1771 2295 quemadmodum
1816 2225 1857 2272 a
1894 2213 2150 2271 natura
2185 2198 2623 2273 subornatus
2655 2204 2732 2271 in

774 2323 992 2392 vitam
1029 2322 1340 2408 venerit,
1390 2334 1806 2416 quantaque
1837 2324 2313 2393 instrumenta
2344 2318 2604 2394 habeat
2640 2318 2736 2393 ad

777 2437 1244 2510 obtinendam
1304 2438 1985 2539 adipiscendamque
2035 2443 2491 2538 sapientiam3
2550 2464 2736 2538 quo-

780 2563 972 2631 niam
1007 2561 1358 2659 principia
1398 2584 1642 2631 rerum
1674 2563 2002 2631 omnium
2033 2565 2238 2657 quasi
2273 2559 2737 2634 adumbratas

776 2678 1279 2776 intelligentias
1315 2682 1559 2750 animo
1589 2704 1674 2751 ac
1708 2692 1948 2752 mente
1982 2684 2426 2779 conceperit,
2460 2680 2736 2777 quibus

781 2797 1144 2870 illustratis
1199 2801 1543 2898 sapientia
1602 2798 1785 2872 duce
1839 2798 2114 2870 bonum
2155 2805 2422 2890 virum,
2473 2815 2582 2890 et,
2633 2800 2736 2872 ob

528 2942 713 2997 xxm.
779 2942 932 2989 eam
977 2922 1204 3016 ipsam
1238 2942 1555 3007 causam,
1590 2931 1832 2990 cernat
1864 2943 1940 2990 se
1971 2917 2265 2991 beatum
2298 2919 2475 2992 fore.
2548 2924 2733 2995 Nam

624 3012 713 3067 ω·
780 3063 1011 3135 quum
1057 3041 1340 3108 animus
1381 3042 1686 3133 cognitis
1723 3042 2228 3136 perceptisque
2264 3040 2653 3113 virtutibus
2691 3066 2735 3114 a

776 3159 1099 3254 corporis
1130 3153 1483 3250 obsequio
1517 3154 2106 3253 indulgentiaque
2133 3157 2573 3249 discesserit,
2605 3186 2734 3231 vo-

774 3275 1272 3374 luptatemque
1319 3277 1505 3345 sicut
1549 3274 1781 3347 labem
1826 3276 2136 3373 aliquam
2184 3277 2557 3351 dedecoris
2599 3305 2733 3381 op-

774 3397 1142 3493 presserit,
1181 3417 1621 3490 omnemque
1654 3400 1908 3466 mortis
1942 3395 2359 3494 dolorisque
2391 3403 2732 3473 timorem

771 3511 1135 3610 effugerit,
1168 3515 1728 3611 societatemque
1757 3520 2067 3589 caritatis
2096 3495 2484 3592 coniecerit
2504 3539 2530 3578 ³
2559 3546 2732 3594 cum

768 3637 948 3722 suis,
1000 3656 1399 3729 omnesque
1439 3647 1694 3706 natura
1740 3640 2164 3709 coniunctos
2205 3663 2374 3710 suos
2410 3639 2732 3731 duxerit,

772 3753 1195 3849 cultumque
1245 3751 1551 3823 deorum
1601 3766 1675 3824 et
1723 3778 1982 3853 puram
2032 3755 2452 3854 religionem
2495 3785 2733 3833 susce-

776 3875 997 3971 perit,
1048 3884 1119 3942 et
1160 3874 1555 3943 exercuerit
1585 3877 1613 3916 ⁴
1652 3870 1874 3962 illam,
1914 3887 1998 3944 ut
2033 3875 2447 3965 oculorum,
2485 3883 2589 3951 sic
2624 3884 2731 3952 in-

837 4144 849 4175 ¹
891 4155 989 4189 om.
1018 4148 1089 4193 et.
1160 4141 1181 4176 ²
1222 4139 1354 4206 ipso.
1427 4140 1448 4174 ⁸
1485 4137 1684 4188 coierit.
1762 4138 1782 4175 ἱ
1822 4140 2100 4190 exacuerit.
