3131 5032
1101 430 1243 497 Lm.
1289 430 1353 516 1,
1402 433 1521 512 22,
1565 435 1673 501 57.
2229 436 2350 501 441

404 639 491 697 nit
516 656 639 695 non
682 637 903 697 malum
940 637 1111 697 aliud
1143 648 1296 698 ceree
1315 684 1333 714 ,
1374 639 1477 698 sed
1503 638 1667 699 nihil
1693 639 1909 698 bonum
1938 640 2107 699 aliud
2127 642 2365 721 potius.-

403 759 565 821 qnae
599 760 972 821 quamquam
1007 743 1160 802 alius
1193 742 1313 802 alio
1347 743 1526 802 modo
1553 744 1619 801 in
1655 742 1932 802 ordinem
1959 762 2174 822 cogere
2207 745 2363 803 insti·

403 845 521 904 tuit
533 891 553 921 ,
608 845 676 904 in
730 845 890 905 hanc
941 853 1142 905 tamen
1197 846 1755 925 interpretationem
1793 846 2054 925 potiores
2085 846 2371 907 videntur

402 949 745 1026 conspirare
760 993 778 1024 ,
819 956 891 1007 ut
921 956 1135 1027 putent
1166 948 1516 1008 Ciceronem
1545 949 1712 1027 prius
1741 947 2036 1009 affirmare
2068 949 2226 1008 nihil
2250 969 2373 1010 esse

400 1059 643 1130 praeter
674 1058 930 1111 mortem
948 1097 966 1126 ‚
1008 1051 1174 1131 quod
1211 1072 1331 1111 non
1366 1053 1586 1111 malum
1614 1052 1706 1112 sit.
1790 1052 1981 1125 Quam
2015 1053 2374 1112 sententiam

405 1153 456 1213 si
506 1171 793 1231 agnosco,
834 1163 1037 1214 tamen
1076 1154 1366 1233 loquendi
1410 1153 1661 1214 modum
1697 1175 1820 1214 non
1853 1163 2001 1232 puto
2036 1176 2163 1216 esse
2198 1155 2373 1216 Cice-

403 1257 758 1334 ronianam,
809 1266 972 1318 certe
1024 1257 1287 1318 studiose
1338 1258 1717 1337 impeditum.
1799 1257 2140 1337 corrigam,
2179 1291 2258 1303 —
2299 1280 2374 1319 ne

403 1360 633 1418 homini
673 1361 832 1420 nihil
879 1363 965 1421 sie
1015 1360 1343 1419 habendum
1396 1360 1602 1435 aliud,
1641 1359 1745 1419 sed
1783 1371 1932 1420 certe
1966 1360 2126 1419 nihil
2158 1362 2374 1421 bonum

406 1464 578 1523 aliud
611 1465 853 1543 potius.-
892 1464 959 1521 in
1007 1464 1226 1542 quibus
1263 1463 1431 1541 prius
1470 1462 1726 1522 affirmet
1759 1462 1915 1522 nihil
1948 1463 2179 1523 bonum
2217 1484 2372 1540 esse,

401 1574 645 1644 praeter
694 1573 949 1624 mortem
967 1610 985 1640 ,
1043 1573 1174 1624 tum
1210 1564 1328 1625 hoc
1374 1565 1611 1643 mitiget
1650 1564 1929 1625 addendo
1969 1567 2127 1626 nihi!
2160 1568 2375 1627 bonum

405 1667 577 1728 aliud
613 1670 821 1747 potius
872 1689 1010 1728 esse.
1064 1701 1146 1712 —-
1195 1669 1379 1728 Initio
1425 1669 1611 1728 huius
1658 1670 1777 1727 loci
1811 1669 2037 1749 reliqui
2068 1670 2167 1745 id,
2209 1669 2376 1749 quod

402 1768 525 1830 mei
562 1790 810 1849 quoque
844 1790 1051 1830 omnes
1082 1770 1373 1846 afferunt,
1415 1772 1657 1848 habent,
1697 1781 1863 1831 recte
1895 1781 2099 1832 tamen
2132 1773 2211 1833 ab
2246 1772 2378 1833 edi-

404 1873 638 1935 toribus
690 1881 1031 1933 correctum
1082 1874 1270 1934 habet.
1324 1909 1405 1921 —
1455 1874 1529 1933 In
1587 1874 1783 1933 verbis
1817 1887 2103 1953 quantum
2138 1877 2207 1933 in
2242 1878 2376 1956 ipso

400 1979 485 2037 sit
501 2022 519 2051 ‚
573 1963 837 2055 tu'rpiter
887 1975 1099 2036 haeret
1149 1985 1209 2036 et
1262 1978 1413 2037 mira
1460 1978 1936 2037 comminiscitur
1975 1979 2340 2039 Goerenzius
2355 2026 2375 2056 ,

401 2098 518 2139 nec
551 2079 689 2138 satis
720 2086 1000 2139 accurate
1035 2078 1297 2138 Orellius
1325 2078 1797 2157 interpretatur,
1840 2080 1919 2140 ad
1954 2080 2123 2142 Tusc.
2157 2081 2221 2157 Ι,
2263 2080 2344 2141 38
2354 2127 2381 2158 r

401 2182 515 2258 92,
556 2182 646 2264 (in
684 2181 888 2243 Wolfii
928 2180 1239 2241 Praeleett.
1282 2201 1344 2260 p.
1382 2181 1523 2243 363.
1567 2179 1729 2262 mit.)

487 2285 847 2366 Quapropter
897 2284 1006 2345 Ιιοσ
1069 2284 1403 2345 diiudicari
1451 2314 1533 2331 ——
1576 2287 1904 2367 perfecturi
1959 2283 2187 2366 sumus)
2283 2286 2373 2347 Ne

400 2387 557 2447 haec
590 2387 840 2466 quidem
868 2387 996 2447 ulla
1024 2388 1178 2448 ratio
1211 2395 1299 2447 eet
1310 2432 1329 2465 ,
1369 2389 1765 2468 quamobrem
1797 2409 1922 2449 non
1955 2398 2120 2449 recte
2149 2390 2373 2464 Quinto

400 2489 766 2551 tribuantur.
846 2487 1279 2551 Verumtamen
1311 2491 1520 2570 negari
1544 2510 1669 2552 non
1696 2499 1887 2570 potest
1912 2511 2038 2553 non
2062 2492 2374 2571 eleganter

400 2592 765 2654 elaboratam
818 2612 944 2654 esse
994 2614 1031 2654 a
1075 2594 1274 2654 Tullio
1305 2595 1463 2655 hanc
1500 2594 1724 2674 dialogi
1760 2603 2012 2674 partem.
2096 2596 2372 2658 Concedo

399 2694 735 2757 novissimis
782 2694 1113 2756 editoribus
1128 2743 1148 2773 ‚
1188 2696 1616 2775 corrigendum
1656 2718 1782 2759 esse
1810 2718 2163 2779 numquam,
2202 2698 2369 2779 quod

400 2798 502 2859 vel
530 2819 607 2859 ex
641 2797 714 2864 A.
749 2799 1024 2877 recipere
1057 2798 1405 2861 debueram.

1128 3001 1401 3072 CAPUT
1443 3002 1640 3071 XXII.

478 3211 524 3295 §
562 3213 661 3275 57.
743 3234 894 3294 quae
930 3235 969 3273 a
1004 3234 1094 3272 me
1129 3213 1320 3274 adhuc
1356 3214 1518 3273 dicta
1551 3222 1723 3288 sunt,
1756 3230 1864 3272 nec
1894 3211 2164 3295 Lycurgi
2190 3211 2369 3296 leg-os)

397 3316 615 3377 Carent
667 3318 789 3378 mei
835 3337 1084 3398 quoque
1138 3316 1281 3376 libri
1332 3316 1563 3376 indicio
1617 3316 1872 3376 lacunae
1910 3323 2016 3377 aut
2056 3314 2361 3395 desectus3

396 3419 514 3479 nisi
565 3420 730 3499 quod
782 3422 849 3480 in
900 3441 1025 3481 nno
1078 3419 1158 3480 de
1197 3419 1604 3480 Ambrosianis
1642 3420 1899 3498 spatium
1945 3417 2229 3481 relictum
2278 3427 2368 3479 est

397 3531 626 3600 septem
674 3523 801 3583 sere
859 3524 1193 3584 literarum.
1293 3523 1379 3583 De
1418 3523 1755 3602 fragmento
1790 3522 1953 3601 apud
1987 3522 2364 3583 Lactantinm

399 3622 485 3697 V,
526 3623 600 3698 8,
645 3625 756 3701 10,
795 3635 926 3705 post
982 3627 1218 3688 videbo.
1316 3627 1431 3686 Sed
1466 3647 1670 3706 neque
1699 3626 1816 3686 hoc
1855 3627 1992 3685 satis
2024 3637 2186 3687 arcte
2219 3648 2364 3688 cum

398 3736 793 3804 argumento,
852 3731 1017 3808 quod
1068 3732 1135 3790 in
1187 3731 1463 3791 manibus
1513 3731 1740 3790 hahent
1782 3730 2224 3809 colloquentes,
2266 3752 2364 3792 co·

398 3828 629 3890 haeret.
728 3831 862 3891 Non
915 3831 1159 3893 difficile
1207 3842 1410 3893 tamen
1462 3842 1550 3893 est
1588 3834 1925 3910 coniicere,
1967 3838 2365 3913 (quamquam

397 3953 582 3994 nemo
633 3935 815 3996 verba
867 3937 992 4015 ipsa
1045 3945 1346 4015 praestare
1397 3935 1599 4016 velit),
1634 3936 1785 4017 quid
1821 3935 2131 3996 exciderit.
2210 3937 2364 3995 Nam

397 4058 593 4118 qutun
643 4058 822 4120 supra
875 4038 1015 4118 Cap.
1057 4038 1161 4115 12,
1204 4040 1317 4116 34,
1360 4040 1636 4116 dixisset,
1665 4060 1740 4115 ‘se
1773 4041 1854 4100 ad
1886 4042 1983 4098 ius
2015 4039 2193 4098 civile
2225 4059 2362 4097 ven·

399 4154 595 4206 eurum
626 4165 747 4204 esse
762 4188 782 4219 ‚
821 4162 1015 4224 quum
1052 4162 1351 4224 perpauca
1373 4144 1616 4205 dixisset
1647 4143 1726 4205 de
1752 4144 1895 4218 hoc,
1931 4142 2027 4202 ius
2056 4142 2120 4202 in
2147 4148 2362 4203 natura
