3131 5032
516 2478 681 2536 xvn.

594 2552 682 2605 42.

1657 463 1754 535 60

838 672 1063 750 Donis
1091 681 1295 778 impii
1327 701 1420 749 ne
1445 677 1727 777 placare
1752 675 2058 748 audeant
2080 676 2256 747 deos
2272 728 2294 767 ‚
2321 676 2690 750 Platonem

740 794 1069 887 audiant,
1100 800 1227 893 qui
1256 808 1446 868 vetat
1472 793 1805 866 dubitare
1827 818 1972 891 qua
2001 797 2093 864 sit
2130 807 2371 865 mente
2402 791 2692 868 futurus

745 914 947 1006 dene,
999 942 1229 1013 quum
1271 918 1381 986 vir
1420 938 1637 985 nemo
1675 911 1914 985 bonus
1951 911 2046 986 ab
2085 913 2425 1012 improbo
2461 939 2540 986 se
2567 913 2694 987 do-

746 1039 901 1106 nari
937 1035 1129 1108 velit.
1217 1120 1222 1124 ᾗ

843 1154 1224 1251 Diligentia
1261 1167 1598 1225 votorum
1649 1156 1818 1224 satis
1855 1162 1929 1225 in
1980 1151 2137 1249 lege
2184 1151 2375 1225 dicta
2424 1166 2562 1244 est,
2611 1177 2694 1226 ac

747 1276 893 1342 voti
930 1275 1222 1372 sponsio
1262 1295 1408 1368 qua
1442 1269 1848 1367 obligamur
1878 1268 2039 1342 deo.

843 1395 1080 1464 Poena
1106 1415 1278 1463 vero
1304 1389 1605 1461 violatae
1631 1389 1991 1487 religionis
2019 1393 2278 1462 iustam
2312 1394 2698 1462 recusatio-

751 1535 918 1582 nem
947 1536 1095 1582 non
1135 1509 1373 1583 habet.
1443 1507 1642 1598 Quid
1673 1532 1808 1605 ego
1842 1508 1963 1580 hic
1999 1508 2506 1581 sceleratorum
2536 1524 2700 1582 utar

754 1630 1126 1729 exemplis,
1176 1653 1491 1726 quorum
1525 1642 1695 1698 sunt
1726 1627 1976 1725 plenae
2003 1629 2442 1727 tragoediae?
2500 1632 2700 1720 Quae

750 1763 917 1820 ante
975 1748 1223 1819 oculos
1277 1761 1475 1838 sunt,
1545 1772 1628 1818 ea
1689 1751 1933 1846 potius
1993 1753 2460 1845 attingantur.
2557 1754 2703 1822 Etsi

751 1867 931 1939 haec
995 1869 1583 1940 commemoratio
1649 1890 1903 1939 vereor
1963 1891 2055 1939 ne
2114 1893 2331 1966 supra
2391 1868 2703 1941 hominis

749 1983 1118 2058 fortunam
1164 2010 1317 2057 esse
1361 1984 1717 2075 videatur,
1765 2000 2035 2077 tamen,
2087 1992 2431 2084 quoniam
2465 2013 2702 2061 sermo

751 2103 975 2174 mihi1
1018 2117 1125 2174 est
1160 2101 1352 2201 apud
1392 2126 1515 2173 eos
1541 2119 1602 2193 ²,
1653 2103 1836 2175 nihil
1869 2105 2219 2196 reticeb0,
2267 2107 2649 2203 volamque
2674 2123 2699 2161 ⁸
2796 2104 2799 2105 ⁷

750 2223 925 2314 hoe,
979 2222 1179 2320 quod
1216 2222 1500 2319 loquar,
1536 2221 1675 2294 diis
1706 2224 2228 2297 immortalibus
2259 2241 2544 2324 gratum
2581 2251 2708 2325 po·

755 2348 897 2416 tius
939 2342 1202 2433 videri,
1255 2367 1474 2439 quam
1512 2366 1747 2439 grave.

851 2466 1113 2535 Omnia
1136 2476 1290 2534 tum
1317 2462 1767 2562 perditorum
1784 2467 2049 2536 *civium
2078 2464 2705 2557 scelere,discessu

754 2608 947 2673 me0,
999 2582 1429 2680 religionum
1460 2585 1617 2655 iura
1655 2583 1930 2681 polluta
1962 2600 2164 2657 sunt:
2213 2590 2444 2658 vexati
2476 2591 2707 2657 nostri

752 2702 932 2775 lares
963 2701 1374 2774 familiares:
1426 2706 1499 2773 in
1538 2726 1792 2774 eorum
1838 2704 2129 2777 sedibus
2162 2704 2707 2779 exaedificatum

754 2820 1104 2920 templum
1137 2824 1527 2893 Licentiae:
1581 2819 1831 2919 pulsus
1862 2847 1904 2893 a
1935 2821 2255 2894 delubris
2284 2827 2378 2913 is,
2426 2828 2560 2920 qui
2593 2823 2708 2896 illa

753 2954 1086 3014 servarat.
1185 2944 1730 3039 circumspicite
1784 2940 2106 3013 celeriter
2158 2946 2436 3032 animo,
2499 2941 2710 3037 (nihil

752 3066 947 3134 enim
993 3064 1247 3132 attinet
1299 3084 1740 3156 quemquam
1780 3061 2193 3156 nominari,)
2241 3065 2372 3157 qui
2417 3065 2562 3132 sint
2598 3085 2711 3133 re-

756 3205 917 3251 rum
953 3183 1186 3250 exitus
1220 3182 1607 3249 consecuti.
1707 3181 1886 3269 Nos,
1929 3183 2059 3275 qui
2100 3178 2288 3251 illam
2320 3180 2712 3252 Custodem

758 3297 994 3387 urbiS,
1039 3296 1380 3369 omnibus
1418 3302 1684 3395 ereptis
1719 3302 1981 3369 nostris
2019 3298 2236 3370 rebus
2266 3325 2350 3372 ac
2379 3299 2710 3399 perditis,

761 3417 1009 3489 violari
1061 3416 1155 3490 ab
1201 3420 1441 3516 impiis
1494 3421 1685 3516 passi
1734 3443 1880 3490 non
1936 3443 2214 3510 sumuS,
2256 3445 2572 3516 eamque
2624 3446 2712 3493 ex

762 3550 1008 3608 nostra
1043 3535 1261 3606 domo
1301 3540 1373 3608 in
1417 3540 1643 3636 ipsius
1683 3541 1905 3636 patris
1952 3537 2250 3609 domum
2289 3539 2714 3629 detulimus,

766 3656 1028 3728 iudicia
1053 3670 1371 3746 senatuS,
1398 3656 1669 3744 Italiae,
1698 3662 2025 3753 gentium
2046 3657 2360 3755 denique
2384 3662 2713 3730 omnium

770 3790 1224 3849 conservatae
1267 3780 1538 3876 patriae
1590 3781 1958 3850 consecuti
2002 3802 2277 3850 sumus:
2341 3803 2491 3875 quo
2538 3776 2716 3874 quid

770 3894 1088 3968 accidere
1124 3900 1365 3994 potuit
1395 3896 1675 3968 homini
1707 3898 2179 3996 praeclarius?
2211 3901 2543 3989 Quorum
2573 3921 2723 3970 soe-

833 4168 845 4199 ¹
888 4161 1023 4216 mihi
1059 4180 1247 4216 sermo.
1319 4166 1341 4201 ¹
1381 4179 1488 4215 vos.
1560 4166 1584 4201 ³
1621 4161 1902 4231 velimque.
