3131 5032
1358 504 1451 579 37

429 722 1035 795 immortalitatem
1060 721 1401 793 scribitur
1421 721 1855 822 repudiasse.
1870 727 2013 795 Att.
2036 729 2186 824 Ego
2204 751 2379 800 vero
2448 742 2522 798 n.

429 843 562 915 tibi
588 846 801 915 istam
825 845 1125 914 iustam1
1163 867 1446 915 causam
1482 856 1667 942 puto
1710 868 1839 915 cur
1865 842 2010 915 huc
2037 843 2381 919 libentius
2447 810 2501 864 ι’

426 965 665 1033 venias
711 975 932 1058 atque
967 960 1167 1032 hunc
1193 960 1431 1033 locum
1456 960 1725 1061 diligas.
1776 965 1974 1052 Quin
1998 966 2184 1062 ipse,
2215 990 2381 1037 vere

423 1079 688 1171 dicam,
728 1103 891 1151 sum
927 1079 1028 1151 illi
1075 1079 1280 1153 villae
1314 1084 1615 1153 amicior
1644 1081 1864 1154 modo
1898 1081 2129 1155 factus
2161 1098 2383 1181 atque

423 1197 596 1271 huic
635 1202 838 1270 omni
888 1198 1043 1270 solo
1093 1202 1168 1270 in
1198 1223 1347 1298 quo
1377 1213 1460 1271 tu
1492 1214 1695 1271 ortus
1729 1215 1800 1272 et
1826 1215 2245 1299 procreatus
2282 1226 2380 1274 eS.

421 1321 802 1389 Movemur
845 1322 1070 1410 enim,
1114 1323 1357 1391 nescio
1394 1344 1543 1416 quo
1582 1333 1829 1419 pacm,
1870 1319 2048 1393 locis
2080 1325 2256 1420 ipsis
2300 1325 2380 1392 in

420 1435 690 1533 quibus
747 1461 1000 1509 eorum
1066 1463 1252 1537 quos
1322 1437 1683 1537 diligimus
1751 1454 1875 1511 aut
1937 1439 2383 1513 admiramur

423 1554 680 1629 adsunt
719 1561 1031 1656 vestigia.
1143 1562 1262 1629 Me
1307 1557 1616 1655 quidem,
1645 1563 1843 1658 ipsae
1885 1558 2045 1631 illae
2091 1575 2381 1632 nostrae

423 1672 741 1746 Athenae
785 1700 935 1746 non
981 1688 1128 1747 tam
1166 1674 1509 1774 operibus
1549 1675 2382 1775 magnificis-exquisitis-

424 1816 565 1888 que
615 1796 1088 1890 antiquorum
1132 1794 1409 1867 artibus
1449 1793 1842 1887 delectant,
1885 1821 2107 1892 quam
2142 1821 2382 1868 recor-

419 1910 713 1985 datione
766 1937 1219 1984 summorum
1249 1917 1588 1999 *virorum
1637 1913 1768 1986 ubi
1823 1918 2135 2012 quisque
2176 1913 2382 1987 habi-

421 2043 603 2122 tare,
640 2032 774 2106 ubi
800 2032 1081 2124 sedere,
1115 2032 1249 2106 ubi
1275 2033 1637 2134 disputare
1669 2038 1758 2107 sit
1791 2034 2076 2125 solituS,
2108 2034 2383 2108 studio·

419 2176 645 2249 seque
683 2176 937 2225 eorum
978 2156 1193 2225 etiam
1230 2153 1558 2254 sepulcra
1597 2153 2071 2254 contemplor.
2140 2156 2382 2243 Quare

421 2279 683 2366 istum,
718 2274 851 2347 ubi
901 2288 983 2348 tu
1027 2299 1103 2349 es
1150 2289 1389 2366 natuS,
1438 2276 1600 2375 plus
1633 2274 1892 2349 amabo
1931 2273 2237 2373 posthac
2275 2273 2382 2345 lo-

421 2419 609 2466 cum.
709 2399 807 2467 M.
865 2394 1165 2468 Gaudeo
1219 2398 1441 2493 igitur
1493 2418 1611 2467 me
1661 2393 2099 2467 incunabula
2144 2417 2381 2493 paene

421 2539 578 2588 mea
634 2512 772 2586 tibi
826 2513 1246 2587 ostendisse.
1343 2519 1486 2589 Att.
1553 2520 1642 2587 Et
1693 2513 1991 2612 quidem
2016 2528 2043 2568 ²
2095 2539 2212 2587 me
2266 2539 2384 2587 co·
2457 2541 2510 2593 5.

418 2659 678 2732 gnosse
713 2634 1106 2709 admodum
1147 2635 1447 2735 gaudeo.
1510 2635 1650 2708 Sed
1681 2634 1860 2708 illud
1893 2649 2136 2708 tamen
2166 2635 2383 2733 quale

425 2767 562 2842 est,
604 2753 804 2850 quod
850 2754 1067 2853 paulo
1114 2769 1282 2830 ante
1326 2755 1606 2846 dixisti,
1655 2754 1855 2827 hunc
1900 2754 2143 2826 locum
2183 2755 2380 2828 idem

426 2894 561 2968 ego
618 2887 689 2945 te
742 2878 1019 2974 accipio
1067 2874 1307 2947 dicere
1356 2879 1742 2974 Arpinum,
1792 2898 2209 2972 germanam
2259 2898 2386 2971 pa·

424 2994 636 3063 triam
682 3016 831 3065 esse
869 2993 1219 3066 vestram?
1267 2993 1644 3090 Numquid
1679 3017 1805 3064 vos
1824 2997 1851 3036 ⁸
1887 2990 2065 3064 duas
2096 2990 2382 3063 habetis

420 3112 715 3208 patrias?
773 3137 866 3184 an
921 3128 1030 3186 est
1074 3138 1221 3186 una
1266 3112 1385 3186 illa
1428 3116 1662 3213 patria
1698 3109 2177 3184 communis?
2226 3113 2382 3185 Nisi

417 3227 606 3304 forte
649 3235 955 3330 sapienti
1001 3232 1105 3305 illi
1149 3236 1405 3308 Catoni
1449 3230 1588 3304 fuit
1639 3235 1869 3331 patria
1917 3255 2066 3302 non
2114 3236 2381 3321 Roma,

418 3350 544 3423 sed
613 3352 1027 3425 Tusculum.
1132 3357 1229 3424 M.
1318 3357 1469 3450 Ego
1527 3349 1940 3423 mehercule
1998 3364 2073 3422 et
2126 3350 2261 3440 illi,
2309 3364 2382 3423 et

419 3470 757 3544 omnibus
818 3470 1306 3571 municipibus
1359 3472 1537 3545 duas
1578 3496 1732 3544 esse
1778 3493 2039 3543 censeo
2085 3474 2383 3570 patriae,

423 3615 640 3663 unam
701 3606 999 3664 naturae
1047 3590 1341 3665 alteram
1394 3594 1720 3665 civitatis.
1837 3594 1935 3661 Ut
1992 3589 2111 3662 ille
2174 3594 2384 3681 Cato,

423 3734 651 3806 quum
696 3725 883 3784 esset
920 3710 1211 3783 Tusculi
1256 3726 1500 3803 natuS,
1547 3716 1622 3783 in
1655 3710 1909 3811 populi
1942 3714 2249 3782 Romani
2284 3714 2384 3783 ci-

426 3833 718 3902 vitatem
761 3844 1135 3930 susceptus
1179 3846 1313 3906 est.
1399 3837 1506 3905 Ita
1564 3856 1795 3930 quum
1842 3844 2011 3903 ortu
2050 3830 2386 3901 Tuscula-

431 3971 565 4019 nus
611 3961 828 4040 esset,
868 3954 1147 4024 civitate
1181 3956 1578 4043 Romanus,
1618 3949 1871 4024 habuit
1905 3950 2203 4024 alteram
2240 3948 2384 4020 loci

490 4220 508 4255 ¹
541 4215 694 4272 ioum
728 4219 827 4272 ubi
864 4219 1068 4273 iustam.
1140 4222 1162 4260 ²
1200 4217 1467 4289 equidem.
1540 4220 1563 4259 ³
1602 4233 1702 4269 om.
1741 4230 1853 4270 vos.
