3131 5032
1217 421 1355 487 Lm.
1407 421 1472 505 1,
1523 424 1602 505 2,
1650 426 1715 488 5.
2307 427 2432 493 279

466 625 782 687 effundere
834 646 993 705 quae
1055 626 1161 687 ille
1222 628 1290 687 in
1341 626 1573 688 Scholis
1638 626 1836 687 subito
1896 627 2126 686 dictare
2178 628 2435 706 solebat,

464 729 775 810 aliquanto
811 731 1031 790 melius
1066 730 1277 810 pietati
1321 730 1731 806 satisfecisset,
1773 750 1975 810 neque
2014 730 2312 810 Madvigio
2341 754 2430 793 re·

465 832 886 913 prehendendi
924 853 1126 893 ansam
1167 833 1425 895 dedisset
1464 835 1533 895 in
1572 833 1906 895 Emendatt.
1946 834 1997 894 1.
2039 854 2099 914 p.
2147 834 2282 896 100.

1243 1037 1516 1107 CAPUT
1559 1038 1644 1106 11.

541 1238 734 1323 teneo,
761 1269 939 1328 quam
964 1249 1262 1328 optabam,
1289 1246 1679 1329 occasionem)
1758 1247 1831 1305 In
1858 1244 2072 1306 eadem
2099 1246 2420 1309 festivitate

459 1351 706 1430 ponitur
759 1363 922 1411 teneo
968 1363 1054 1428 te,
1097 1350 1281 1412 Acad.
1319 1351 1413 1428 ΙΙ,
1454 1350 1561 1427 48,
1608 1349 1753 1411 148:
1795 1349 1902 1410 sed
1934 1348 2101 1430 quod
2135 1350 2221 1410 ibi
2251 1372 2418 1431 prae·

457 1454 651 1530 cedit,
686 1475 763 1514 ex
783 1455 1077 1515 Hortensii
1097 1475 1350 1535 persona
1367 1501 1385 1531 ‚
1416 1454 1762 1529 tollendum,
1787 1473 2105 1532 perperam
2120 1499 2139 1530 ‚
2178 1454 2420 1533 opinor,

458 1557 769 1617 Schutzius
821 1557 1008 1618 refert
1054 1558 1133 1617 ad
1180 1558 1469 1618 anchoras
1505 1556 1823 1617 tollendas:
1867 1576 1982 1616 nec
2018 1576 2158 1616 sane
2197 1558 2419 1619 huma-

459 1679 610 1718 num
658 1666 806 1718 esset
823 1704 841 1735 ,
881 1659 931 1717 si
973 1659 1317 1718 Hortensius
1366 1659 1448 1718 ita
1482 1657 1928 1737 significavisset
1962 1678 2128 1717 nunc
2164 1659 2420 1721 Lucullo

456 1769 522 1821 et
545 1761 816 1823 Ciceroni
841 1771 1081 1841 tempus
1104 1782 1230 1821 esse
1259 1760 1545 1822 abeundi.
1604 1761 1849 1837 Contra,
1881 1761 2198 1821 tollendum
2224 1782 2419 1842 quum

458 1863 641 1942 dicit,
694 1865 853 1924 nihil
908 1864 1078 1925 aliud
1109 1864 1394 1943 intelligit
1427 1864 1573 1940 nisi,
1608 1885 1712 1923 vos
1752 1864 1853 1924 hio
1891 1864 2225 1924 retinendos
2259 1886 2418 1925 esse:

455 1986 597 2027 uam
631 1968 827 2026 tollere
867 1976 955 2028 est
991 1969 1292 2044 retinere,
1335 1968 1594 2039 ἐπέχειν·
1631 1966 1790 2028 conf.
1827 1965 2011 2027 Acad.
2043 1967 2132 2043 ΙΙ,
2164 1966 2272 2045 18,
2310 1968 2418 2045 60,

457 2069 567 2130 uhi
619 2071 727 2130 illa
772 2079 1195 2150 permutantur
1259 2071 1421 2130 inter
1472 2090 1571 2130 se:
1631 2070 1838 2148 itaque
1890 2069 2076 2148 ipsius
2120 2069 2421 2131 Ciceronis

456 2193 805 2253 responsum
854 2194 931 2235 ex
965 2174 1247 2252 ambiguo
1282 2173 1680 2253 intelligitur,
1720 2192 1841 2232 non
1881 2192 1957 2232 ex
1994 2173 2274 2234 anchoris
2302 2174 2419 2234 tol-

455 2277 670 2338 lendis.

533 2400 722 2460 neque
769 2377 1060 2459 omittam)
1141 2378 1314 2453 Quod
1362 2378 1567 2440 Lamb.
1603 2399 1679 2440 ex
1712 2378 1857 2440 Cod.
1895 2378 2254 2441 Memmiano
2289 2401 2422 2442 me-

458 2490 685 2560 morat,
738 2485 1008 2544 amittam
1026 2529 1045 2560 ‚
1095 2482 1342 2543 aliunde
1386 2503 1511 2544 non
1555 2489 1859 2561 enotatur;
1905 2491 1963 2543 et
1998 2491 2162 2544 recte
2193 2486 2419 2564 sperni·

457 2593 577 2647 tur.
659 2586 846 2648 Docet
895 2606 1038 2647 sane
1089 2585 1322 2647 Cortius
1374 2585 1452 2647 ad
1505 2585 1658 2647 Plin.
1712 2586 1861 2665 Epp.
1910 2584 2023 2662 VI,
2064 2589 2140 2663 5,
2179 2587 2254 2663 3,
2296 2595 2420 2649 tam

455 2692 719 2751 «2QO
762 2692 1158 2765 occasionem,
1219 2709 1405 2768 quam
1460 2691 1722 2750 omittere
1770 2689 1920 2747 dici:
1963 2698 2381 2751 verumtamen
2398 2738 2419 2770 ,

454 2811 651 2872 quum
673 2792 1198 2873 interpretandum
1223 2801 1311 2853 est
1333 2794 1530 2852 sciens
1558 2813 1681 2851 non
1707 2813 1925 2874 usurpo
1939 2838 1958 2868 ‚
1994 2814 2190 2854 unum
2218 2797 2421 2856 omitto

453 2903 689 2954 rectum
722 2903 829 2957 est.
909 2896 1062 2956 Hinc
1089 2894 1299 2955 multis
1325 2895 1473 2955 locis
1485 2940 1505 2970 ,
1533 2895 1602 2953 in
1628 2894 1851 2973 quibus
1875 2895 2107 2956 nullius
2128 2898 2420 2957 momenti

456 3004 550 3057 est
579 2995 763 3059 codd.
796 3000 1152 3075 auctoritas,
1192 2996 1623 3078 corrigendum
1656 3006 1772 3058 est:
1815 2998 1973 3062 sicut.
2000 2998 2170 3060 Tusc.
2188 3000 2282 3076 ΙΙ,
2322 3000 2417 3062 13.

453 3099 558 3161 fin.
610 3101 971 3181 legendum,
1005 3103 1326 3163 omittenda
1361 3104 1556 3185 igitur
1586 3101 1884 3181 sonitudo
1918 3112 2002 3160 est
2018 3147 2037 3178 ‚
2077 3122 2202 3161 non
2237 3106 2418 3164 amit-

450 3203 643 3266 tenda.
727 3204 947 3265 Contra
963 3251 981 3282 ,
1034 3205 1339 3285 quidquid
1385 3204 1653 3284 disputat
1703 3204 2065 3264 Goerenzius
2081 3251 2100 3282 ‚
2150 3205 2416 3284 proban-

449 3304 599 3367 dum
663 3328 790 3368 non
850 3316 1000 3388 puto
1050 3308 1178 3369 Fin.
1229 3308 1296 3385 1,
1357 3306 1467 3384 17,
1527 3307 1637 3384 56,
1694 3308 2031 3367 omittendis
2092 3308 2412 3388 ἀοῖον-ὦτα,

371 3399 384 3410 ”
445 3429 649 3491 neque
675 3410 845 3471 enim
868 3411 988 3472 hoc
1012 3410 1334 3491 respondet
1365 3410 1572 3487 alteri,
1590 3411 1850 3471 detracta
1871 3410 2195 3492 voluptate.-
2224 3430 2415 3491 quare

446 3522 553 3576 aut
612 3514 847 3575 Ernesti
910 3516 1170 3595 suspicio
1228 3513 1582 3594 accipienda
1641 3513 2032 3596 (amittendis)
2046 3561 2065 3592 ‚
2123 3523 2231 3574 aut
2291 3515 2413 3576 alio

447 3617 629 3677 modo
656 3618 1104 3698 corrigendum.
1187 3618 1303 3679 Sed
1340 3639 1463 3681 non
1496 3617 1835 3678 audiendus
1869 3617 2175 3695 Ernestus,
2216 3639 2410 3699 quum

449 3718 520 3778 in
568 3719 730 3781 Orat.
782 3722 877 3799 11,
917 3722 1032 3798 75,
1071 3720 1192 3782 303
1237 3721 1372 3804 (sua
1408 3721 1718 3804 praesidia
1761 3718 2092 3802 dimittunt)
2132 3724 2410 3784 omittunt

449 3821 778 3900 legendum
839 3832 1075 3885 censet:
1139 3828 1464 3886 omittimus
1527 3825 1693 3886 enim
1752 3844 1910 3905 quae
1971 3825 2220 3885 omnino
2281 3844 2407 3886 non

447 3923 830 4004 suscipimus,
868 3926 1223 3987 dimittimus
1255 3948 1414 4008 quae
1441 3928 1611 4006 prius
1639 3928 1973 4003 tenuimus,
2012 3926 2172 3987 conf.
2203 3925 2403 3990 Planc.

446 4027 559 4104 39,
587 4027 703 4105 94,
737 4028 842 4090 fin.
881 4029 1107 4089 Rursus
1137 4031 1416 4109 orat.11,
1445 4030 1557 4109 90,
1591 4031 1741 4106 367,
1768 4052 1913 4111 opus
1940 4031 2048 4090 hoc
2075 4032 2403 4090 censorium

442 4145 545 4193 eet.
629 4133 711 4193 101
743 4144 942 4195 eutem
977 4136 1326 4198 committere
1347 4182 1366 4213 ‚
1405 4135 1571 4197 vides
1587 4180 1607 4214 ,
1646 4155 1823 4214 quam
1862 4136 1944 4193 sit
1978 4133 2206 4193 homini
2238 4145 2402 4215 turpe
