3131 5032
751 435 886 503 490
1435 427 1578 494 Lm.
1627 426 1725 510 11,
1778 433 1853 510 6,
1915 429 2010 496 14.

741 643 1064 717 προοιμίου
1113 636 1401 716 quidem,
1459 635 1528 694 in
1577 635 1693 696 alia
1746 655 1848 710 re,
1889 635 2130 713 elegans
2165 643 2493 716 usurpatur
2528 645 2729 698 meta·

741 743 934 824 phora
979 741 1141 821 apud
1188 740 1495 800 Platonem
1541 738 1691 817 Rep.
1733 736 1843 797 vll
1862 783 1881 814 ,
1921 757 1982 817 p.
2017 735 2168 813 531,
2208 736 2278 797 1).
2357 739 2477 799 Sed
2509 739 2591 800 de
2624 743 2727 802 in-

735 845 969 906 dustria
1033 852 1227 905 totum
1288 844 1406 903 hoc
1469 843 1814 903 institutum
1883 841 2146 919 duplicis
2204 842 2390 921 legia,
2448 863 2724 923 querum

736 946 925 1006 altera
986 945 1198 1005 iubeat
1246 964 1319 1004 ac
1366 944 1671 1020 minetur,
1730 944 1918 1026 altera
1977 944 2372 1022 persuadeat,
2432 949 2721 1008 tractavit

729 1050 901 1111 mato
948 1052 1130 1129 regg.
1182 1048 1292 1124 1v,
1350 1068 1411 1127 p.
1461 1048 1616 1124 719,
1669 1027 1792 1107 fin?
1819 1082 1901 1093 -
1943 1048 2099 1125 723,
2140 1049 2217 1124 E,
2259 1052 2718 1127 opportunitate

728 1154 882 1232 legis
913 1152 1233 1232 nuptialis;
1279 1151 1630 1231 iterumque
1657 1160 2088 1211 commemorat
2122 1152 2272 1211 ibid.
2309 1151 2422 1229 vl,
2462 1174 2521 1233 p.
2552 1155 2715 1232 772,

730 1257 868 1317 fin.:
905 1263 1036 1314 tum
1066 1254 1477 1335 praemittitur
1501 1256 1886 1334 prooemium
1914 1255 2306 1335 disputationi
2332 1256 2412 1316 de
2444 1257 2588 1335 diis,
2621 1260 2711 1334 X,

728 1379 791 1440 p.
833 1358 1130 1420 897-900.

811 1463 991 1522 etiam
1045 1462 1371 1523 Zaleucum
1425 1473 1482 1520 et
1536 1461 1904 1522 Charondam
1943 1460 2201 1542 fecisse)
2293 1463 2503 1524 Nescio
2533 1464 2712 1526 unde

727 1562 1000 1624 Editores
1029 1565 1355 1624 sumserint
1387 1576 1442 1623 et
1479 1565 1837 1624 Zaleucum.-
1879 1563 1982 1623 sed
2009 1573 2174 1624 certe
2206 1567 2417 1627 vitiosa
2450 1576 2538 1627 oet
2562 1568 2629 1628 h.
2659 1569 2712 1630 l.

726 1668 1067 1747 particulae
1136 1669 1505 1747 geminatio:
1577 1665 1902 1727 coniuncte
1969 1671 2428 1729 commemorari
2475 1671 2711 1746 solent,

727 1791 845 1831 nec
899 1771 977 1832 de
1025 1770 1133 1847 iio,
1175 1780 1246 1830 ut
1288 1771 1367 1830 de
1399 1771 1683 1846 diversis,
1724 1772 2042 1849 separatim
2082 1771 2405 1833 iudicatur.
2440 1806 2521 1819 -—
2551 1774 2714 1835 Tum

726 1894 842 1954 pro
892 1896 1074 1954 quum
1126 1874 1360 1953 quidem
1416 1875 1514 1932 illi
1530 1919 1549 1948 ,
1608 1873 1972 1935 Goerenzius
2024 1873 2297 1936 defendit
2348 1898 2712 1958 quamquam

726 1978 968 2057 quidem
1020 1977 1153 2053 illi,
1209 1975 1377 2054 quod
1425 1977 1548 2035 mei
1589 1975 1733 2035 libri
1780 1978 2061 2055 ignorant
2111 1998 2350 2040 omnes:
2396 2001 2513 2040 nec
2555 1990 2713 2060 puto

726 2080 843 2141 isto
877 2079 1059 2141 modo
1093 2079 1383 2157 coniungi
1423 2077 1557 2137 illas
1592 2079 1916 2157 particulas
1949 2079 2114 2158 apud
2149 2081 2498 2144 Ciceronem
2531 2086 2713 2148 nulla

725 2201 876 2243 voce
930 2180 1311 2259 interposita:
1366 2180 1495 2240 Pin.
1534 2181 1565 2240 I
1586 2227 1602 2254 ‚
1650 2181 1678 2239 1
1703 2228 1722 2258 ,
1763 2181 1841 2258 2,
1895 2204 2250 2263 quamquam
2291 2186 2711 2268 philosophice

725 2286 964 2368 quidam
1013 2285 1544 2364 vituperatoribus.-
1587 2283 1738 2345 ibid.
1786 2285 1915 2362 111,
1957 2286 2033 2363 2,
2076 2286 2148 2364 8,
2195 2310 2550 2370 quamquam
2594 2293 2708 2352 hac

725 2389 963 2471 quidem
1002 2390 1315 2468 proprium
1362 2399 1529 2448 tuum
1575 2409 1790 2449 munus
1845 2401 1950 2450 est.
2031 2391 2104 2450 Et
2147 2391 2430 2452 universe
2463 2395 2709 2473 quidm

726 2513 854 2555 non
886 2492 1005 2553 nisi
1039 2491 1116 2552 iis
1163 2491 1468 2555 vocabulis
1506 2492 1863 2571 subiicitur,
1904 2514 2060 2574 quae
2097 2493 2377 2575 insigniri
2406 2504 2466 2557 ct
2498 2497 2709 2559 efferri

730 2604 839 2660 aut
886 2596 1144 2677 possint,
1205 2603 1311 2655 aut
1365 2594 1661 2670 debeant,
1718 2597 1799 2655 ita
1856 2605 1922 2656 ut
1969 2597 2159 2673 illud,
2205 2598 2371 2677 quod
2408 2599 2711 2660 eiusmodi

729 2700 1041 2762 vocabulis
1070 2700 1418 2759 continetur
1435 2745 1454 2775 ,
1495 2699 1558 2757 in
1598 2699 1809 2778 primis
1839 2708 1900 2759 et
1939 2701 2107 2760 velut
2145 2721 2254 2779 per
2284 2704 2707 2781 exceptionem

727 2802 961 2865 attendi
1013 2810 1290 2882 oportere
1342 2801 1737 2881 significetur.
1816 2804 1930 2863 Sed
1968 2825 2322 2885 quamquam
2357 2807 2485 2885 ipsa
2516 2807 2708 2868 habet

723 2906 897 2967 illam
948 2904 1291 2985 excipiendi
1340 2906 1837 2985 significationem
1854 2953 1873 2982 ‚
1916 2907 2020 2967 ned
2061 2909 2146 2970 ita
2193 2918 2263 2969 ut
2293 2919 2706 2988 praeponatur

725 3011 1056 3071 sententiae
1072 3056 1091 3087 ,
1133 3029 1256 3069 non
1286 3018 1356 3069 ut
1389 3010 1718 3089 legitimam
1753 3019 1883 3088 post
1915 3011 2085 3070 aliud
2117 3012 2482 3072 vocabulum
2516 3014 2703 3075 collo·

724 3114 1023 3175 cntionem
1060 3113 1365 3191 patiatur:
1403 3132 1721 3193 quumque
1758 3114 2041 3174 universe
2075 3114 2277 3193 excipi
2308 3114 2459 3194 quid
2495 3114 2705 3176 admo·

723 3226 869 3279 neat
918 3217 994 3276 ab
1044 3216 1253 3291 initio,
1316 3216 1551 3294 quidem
1594 3236 1719 3277 non
1765 3217 1881 3276 nisi
1917 3218 1974 3278 ei
1995 3264 2016 3295 ,
2053 3218 2219 3298 quod
2248 3220 2586 3297 specialiter
2620 3220 2703 3279 sit

724 3318 1156 3400 excipiendum
1221 3317 1439 3378 subiici
1503 3327 1715 3398 potest.
1814 3320 1966 3381 Hinc
2026 3341 2106 3380 ne
2170 3321 2381 3382 Graeci
2444 3322 2701 3402 quidem

728 3431 927 3484 καίτοι
963 3444 1030 3502 γε
1067 3421 1183 3481 nisi
1216 3421 1569 3501 interposito
1599 3423 1893 3484 vocabulo
1928 3425 2219 3503 iungunt:
2263 3424 2424 3485 conf.
2454 3424 2701 3487 Person.

726 3526 807 3586 ad
835 3525 1062 3588 Hecub.
1094 3523 1269 3585 1214.
1291 3524 1594 3587 PhoenisS.
1631 3525 1806 3587 1638.
1885 3527 2019 3587 Non
2052 3547 2177 3587 ease
2211 3536 2412 3587 autem
2448 3529 2700 3591 omnino

725 3647 896 3689 nunc
938 3628 1141 3686 locum
1181 3629 1596 3688 coniunctioni
1636 3650 1992 3709 quamquam
2026 3639 2275 3710 apparet
2306 3630 2486 3707 inde,
2528 3631 2701 3710 quod

727 3730 888 3791 nihil
940 3729 1242 3807 excipitur
1291 3730 1357 3788 in
1409 3750 1631 3809 genere
1685 3732 1762 3791 ab
1812 3733 1886 3791 iia
1925 3752 2083 3813 quae
2117 3743 2255 3794 ante
2291 3733 2452 3793 dicta
2486 3741 2699 3795 erant=

728 3833 890 3894 nihil
933 3831 1100 3915 aliud
1143 3831 1406 3910 dicitur,
1445 3835 1564 3893 nisi
1601 3834 1717 3895 hoc
1760 3844 2070 3915 praeterea
2105 3835 2439 3896 notandum
2472 3856 2597 3897 esse
2629 3837 2701 3897 in

728 3937 985 3999 Zaleuco
1034 3945 1096 3996 et
1145 3935 1490 4013 Charonda,
1545 3938 1712 4016 quod
1761 3960 1920 4015 non,
1975 3948 2045 3999 ut
2089 3938 2289 4014 Plato,
2331 3938 2548 4015 studii,
2590 3939 2704 4000 aed

728 4041 823 4101 rei
856 4039 1140 4119 publicae
1173 4058 1352 4099 causa
1383 4039 1546 4117 leges
1578 4042 1955 4121 scripserant.
2038 4043 2268 4103 Maneat
2301 4042 2489 4121 igitur
2515 4064 2705 4121 quum

731 4143 969 4223 quidem
1004 4142 1101 4201 illi
1127 4167 1235 4200 -.·
1276 4140 1380 4202 sed
1399 4186 1418 4219 ‚
1458 4145 1743 4222 quoniam
1783 4166 1963 4224 quum
1995 4146 2058 4209 h.
2087 4146 2129 4209 l.
2161 4167 2282 4206 non
2316 4145 2706 4221 adiunctiva,
