3131 5032
790 418 919 485 494
1476 407 1619 474 Lm.
1665 406 1765 484 ΙΙ,
1814 407 1891 488 7,
1951 405 2047 471 16.

781 623 1008 685 Hecub.
1064 616 1245 698 1125)
1294 615 1522 696 optime
1571 612 1764 691 accipi
1812 628 1980 690 posse
2030 604 2275 666 videtur
2302 603 2383 663 de
2413 607 2586 662 metu
2616 621 2764 663 non

781 727 1027 808 quovis»,
1086 723 1186 784 sed
1244 741 1317 782 eo
1365 720 1474 799 qui
1523 737 1597 777 ex
1633 713 2027 795 suspiciendis
2062 710 2178 769 diis
2211 707 2439 782 oritur,
2482 706 2766 766 iniuriae

781 830 1150 906 vindicibus3
1195 843 1397 904 neque
1434 822 1617 882 aliam
1664 821 1952 897 ἀναρχίαν
1987 811 2277 891 intelligit
2308 809 2761 889 Hippodamus,

778 955 964 1016 quam
1006 951 1218 993 eorum
1265 927 1373 1008 qui
1424 926 1568 986 deos
1605 945 1727 984 non
1759 921 2111 1000 suspiciunt.
2191 915 2309 976 Sed
2348 913 2516 994 quod
2551 912 2763 993 philo·

776 1039 949 1118 sophi
1002 1037 1064 1096 in
1114 1031 1447 1115 praeceptis
1479 1028 1816 1108 ponebant,
1858 1024 1919 1084 id
1952 1025 2016 1082 in
2048 1019 2394 1101 primordiis
2428 1018 2759 1078 civitatum

778 1141 1066 1204 exstitisse
1095 1136 1413 1196 tradebant
1445 1130 1752 1192 historici:
1796 1127 1999 1187 Livius
2030 1133 2194 1185 certe
2228 1124 2286 1196 1,
2327 1121 2401 1181 21
2424 1168 2443 1197 ‚
2489 1120 2517 1178 1
2537 1165 2556 1195 ‚
2597 1120 2760 1179 tales

702 1323 709 1331 ·
778 1242 1067 1304 describit
1094 1240 1389 1300 Romanos
1398 1282 1417 1312 ,
1460 1234 1657 1295 verbis
1686 1240 1994 1311 tamquam
2020 1249 2096 1289 ex
2120 1224 2424 1287 Ciceronis
2447 1221 2761 1284 sententia

781 1345 1125 1426 depromtiS.

865 1469 1062 1510 eorum
1093 1446 1228 1528 geri
1262 1445 1330 1503 vi
1361 1442 1585 1502 ditione
1623 1460 1696 1500 ac
1735 1433 2003 1514 numine)
2082 1435 2215 1495 Non
2250 1432 2390 1493 satis
2424 1430 2626 1493 efficax
2661 1427 2762 1490 ad

782 1547 1315 1613 demonstrandum
1348 1554 1434 1606 est
1469 1562 1743 1622 pronom.
1777 1560 2005 1600 eorum:
2045 1536 2193 1597 ferri
2220 1544 2456 1616 poterat
2480 1536 2757 1610 illorum,

782 1655 889 1715 sed
916 1660 1176 1734 praestat
1202 1649 1503 1727 corrigere
1527 1647 1782 1705 deorum.
1863 1642 2014 1700 Tum
2041 1638 2208 1720 quod
2231 1638 2399 1699 edidi
2430 1639 2494 1698 vi
2522 1637 2757 1696 ditione

785 1779 859 1817 ac
884 1757 1158 1828 numine,
1194 1759 1318 1811 tam
1351 1755 1705 1826 corruptum
1741 1751 1854 1818 est,
1893 1762 2080 1822 quam
2114 1740 2278 1821 quod
2313 1762 2349 1800 e
2381 1738 2564 1801 Codd.
2593 1736 2759 1797 effici

785 1866 1019 1939 poterat
1070 1856 1299 1916 iudicio
1348 1873 1422 1911 ac
1473 1851 1753 1909 numine:
1813 1844 2004 1922 illud,
2062 1844 2230 1924 quod
2278 1843 2392 1903 tria
2443 1842 2529 1901 sic
2563 1841 2764 1920 posita

787 1961 1068 2041 copulam
1103 1957 1386 2019 reiiciunt
1406 1955 1581 2013 -inter
1612 1952 1739 2012 duo
1771 1958 2066 2030 postrema
2078 1974 2096 2026 ;
2140 1949 2286 2024 hoc,
2322 1945 2487 2027 quod
2521 1944 2761 2004 iudicio

786 2067 991 2126 minus
1022 2071 1233 2143 aptum
1257 2067 1345 2120 est
1370 2058 1625 2117 deorum
1651 2072 1964 2134 supremae
1988 2052 2293 2131 potentiae
2320 2048 2719 2110 declarandae
2737 2093 2762 2124 ,

788 2169 866 2229 de
911 2187 1034 2248 qua
1078 2184 1200 2224 una
1238 2179 1405 2221 nunc
1445 2160 1665 2237 agitur.
1747 2155 1861 2217 Sed
1902 2154 2171 2216 tollenda
2212 2162 2301 2214 est
2335 2172 2370 2212 e
2407 2150 2592 2212 Codd.
2635 2150 2763 2230 syl-

787 2272 925 2332 laba
971 2271 1070 2344 in,
1124 2286 1197 2326 ex
1244 2283 1368 2343 qua
1407 2264 1474 2322 vi
1502 2267 1720 2321 ortum
1752 2265 1840 2318 est
1857 2302 1877 2334 ,
1926 2255 2382 2335 legendumque
2421 2254 2649 2312 ditione
2681 2273 2763 2313 ac

787 2375 1051 2435 numine.

870 2477 1067 2558 qualis
1109 2472 1357 2554 quisque
1399 2469 1483 2528 sit
1523 2497 1605 2511 —-
1649 2460 1899 2544 intueri)
1978 2458 2319 2541 Respondet
2361 2459 2589 2520 Graeco
2623 2456 2757 2516 ὄπι·

795 2592 1076 2653 σκοπεῖν,
1123 2586 1186 2637 et
1219 2576 1468 2652 ἕφορᾷν.
1514 2570 1671 2630 sicut
1712 2569 1778 2627 in
1825 2566 2070 2627 Gnomis
2109 2564 2258 2624 MSS.
2298 2563 2439 2624 Cod.
2471 2561 2629 2623 Voss.
2665 2573 2766 2621 11⁰.

794 2683 875 2744 97
893 2728 911 2759 ,
942 2715 1023 2727 —
1055 2671 1099 2761 ᾧ
1130 2680 1336 2757 ἐργάζῃ
1364 2677 1510 2734 κατὰ
1540 2675 1731 2751 ψυχήν
1759 2674 1796 2747 ἢ
1822 2675 1985 2748 σῶμα
2013 2673 2161 2735 θεὸς
2192 2669 2518 2747 παρὲςηκεν
2547 2667 2767 2745 ἔφορος

792 2785 931 2867 (MS.
973 2777 1277 2861 εὔφορος.)

871 2886 915 2970 §
960 2887 1056 2948 16.
1137 2885 1213 2944 ab
1263 2883 1405 2943 utili
1462 2893 1518 2942 et
1570 2900 1707 2941 vera
1758 2873 2074 2956 sententia)
2154 2874 2595 2935 Discedendum
2641 2872 2766 2933 fuit

797 2990 876 3052 ab
925 2989 1166 3070 optimis
1216 2987 1425 3064 libris,
1485 2985 1595 3066 qui
1638 2982 1864 3043 habent
1912 2992 2016 3041 aut
2052 3001 2091 3039 a
2123 3001 2297 3039 vera.-
2347 2978 2453 3038 sed
2488 2997 2567 3037 ne
2594 2995 2766 3056 prae·

796 3095 1011 3174 positio
1059 3092 1309 3173 quidem
1356 3088 1575 3168 suscipi
1623 3093 1888 3165 poterat,
1937 3081 2226 3164 quoniam
2275 3100 2398 3142 una
2432 3080 2765 3160 eademque

797 3195 1089 3258 sententia
1119 3194 1292 3253 utilis
1326 3202 1384 3250 et
1418 3210 1555 3250 vera
1588 3187 1835 3247 dicitur.

882 3299 1031 3379 quid
1058 3309 1141 3359 est
1175 3297 1335 3355 enim
1368 3294 1565 3353 verius
1582 3337 1600 3368 ,
1642 3311 1820 3371 quam
1846 3286 1953 3369 —-)
2030 3285 2198 3347 Plato
2225 3286 2402 3365 Legg.
2428 3286 2497 3346 X.
2528 3305 2590 3364 p.
2621 3283 2761 3347 897.

800 3423 930 3483 sqq.
974 3435 1055 3448 —-
1096 3400 1261 3474 Mox,
1302 3397 1370 3457 in
1412 3396 1610 3456 verbis
1652 3407 1758 3455 aut
1793 3406 1860 3455 ut
1902 3415 2009 3468 ea,
2050 3404 2118 3453 ut
2151 3392 2350 3452 omitti
2379 3412 2505 3453 non
2538 3397 2764 3470 potest,

804 3505 921 3565 nisi
955 3511 1294 3563 extremum
1321 3511 1487 3580 putet
1519 3498 1802 3574 tollatur,
1845 3497 1928 3556 ita
1961 3502 2033 3556 ut
2061 3494 2404 3555 continuari
2439 3494 2594 3554 haec
2622 3510 2764 3552 cum

804 3605 1126 3687 praecedd.
1189 3603 1531 3664 videantur.
1581 3634 1664 3648 —
1716 3602 1918 3676 Quum
1975 3600 2190 3678 optimi
2247 3598 2432 3660 Codd.
2490 3598 2763 3659 omittant

805 3710 991 3770 verba
1037 3706 1475 3786 comprehendat
1515 3705 1682 3765 nulla
1728 3705 1957 3764 ratione
1974 3751 1992 3779 ‚
2046 3701 2354 3781 colligitur
2392 3701 2662 3780 reliquos
2688 3717 2762 3758 et

809 3813 929 3874 alio
982 3810 1308 3888 descriptos
1354 3827 1495 3870 esse.
1582 3807 1848 3869 Davisius
1895 3806 2086 3867 nescit
2131 3804 2287 3886 quid
2333 3805 2448 3864 sibi
2493 3803 2641 3863 velit
2674 3803 2764 3860 in·

804 3917 978 4001 genii
1009 3917 1165 3975 ratio
1184 3959 1203 3992 ‚
1239 3913 1512 3994 legitque
1545 3913 1782 3995 ingenii
1816 3911 2218 3971 contencione.-
2253 3907 2359 3968 aed
2387 3925 2589 3985 neque
2621 3904 2762 3979 hoc,

810 4040 1012 4099 neque
1048 4021 1095 4079 i.
1129 4020 1259 4080 acie
1276 4063 1294 4094 ,
1335 4024 1439 4077 aut
1484 4018 1846 4091 intentione,
1887 4033 2045 4093 quae
2087 4013 2342 4073 Moserus
2375 4007 2764 4088 excogitavit,
2795 4040 2802 4049 -

815 4124 1174 4201 indigemm.
1256 4120 1372 4182 Sed
1417 4128 1549 4181 tum
1594 4121 1749 4181 ratio
1792 4124 1956 4179 recte
1986 4116 2292 4193 ,tribuitur
2323 4116 2566 4196 ingenio
2581 4158 2600 4189 ,
2639 4119 2768 4172 tum
