3131 5032
1101 438 1243 505 Lm.
1290 438 1359 524 1,
1415 441 1488 508 ιε
1513 487 1535 524 ,
1583 443 1694 509 42.
2250 447 2379 512 399

422 642 636 726 cupido
664 642 929 721 honoria,
969 650 1030 704 et
1044 645 1229 726 sam
1258 655 1436 724 atque
1459 646 1702 706 invidia
1730 645 1855 708 dici
1882 655 2127 728 possunt
2152 668 2384 710 veson.

421 746 716 826 Equidem
771 744 955 806 credo
1002 746 1088 806 sic
1140 747 1573 826 corrigendum
1626 769 1749 809 esse
1765 796 1785 826 ,
1817 783 1899 796 —-
1938 752 2176 812 honoris
2211 755 2386 834 cupi-

422 851 586 928 dum,
627 850 854 926 eodem,
897 870 1047 929 quae
1080 861 1322 926 ceteros,
1352 873 1459 908 -ε
1492 859 1553 911 et
1581 852 1903 913 Salustium
1936 854 2024 915 ita
2050 855 2387 935 significare

424 954 534 1033 qui
573 953 804 1014 fructus
840 953 956 1013 sibi
995 953 1228 1013 fuerint
1264 955 1624 1016 ambitionis.

504 1078 684 1137 quam
732 1058 841 1136 qui
888 1058 1127 1138 ignorat
1141 1102 1160 1133 ‚
1217 1043 1276 1116 ie
1314 1067 1400 1116 est
1439 1054 1726 1138 iniustus)
1804 1058 2120 1139 Duplicem
2164 1060 2388 1120 horum

424 1160 750 1220 verborum
784 1159 1337 1239 interpretationem
1371 1161 1655 1239 proponit
1689 1161 2077 1239 Gom-ennius,
2117 1163 2390 1223 instituto

424 1282 748 1342 sanequam
798 1263 1038 1326 lubrico
1084 1271 1147 1323 et
1195 1283 1513 1343 perverso3
1565 1273 1700 1326 tum
1731 1267 1979 1344 pronior
2009 1274 2098 1326 est
2130 1267 2198 1324 in
2226 1265 2390 1326 dete·

425 1366 648 1427 riorem
702 1365 1277 1447 interpretationem.
1358 1367 1645 1449 Ignoraae
1695 1368 1757 1429 h.
1796 1369 1838 1430 1.
1887 1378 1976 1430 eet
1987 1415 2006 1446 ,
2046 1389 2170 1430 non
2209 1388 2389 1448 agno-

424 1486 593 1529 scere
608 1513 627 1544 ,
666 1487 791 1528 non
826 1468 1081 1546 probare
1094 1513 1114 1544 ,
1155 1483 1281 1546 non
1327 1469 1528 1548 nequi:
1570 1471 1942 1532 contrarium
1973 1479 2061 1530 est
2092 1492 2260 1531 nosse
2270 1518 2288 1547 ,
2329 1479 2392 1531 et

424 1591 690 1647 mom,
733 1590 893 1650 quae
926 1565 1208 1651 explicui
1230 1591 1408 1651 supra
1443 1571 1521 1631 ad
1554 1571 1692 1651 Cap.
1725 1573 1791 1650 4,
1832 1570 1928 1634 11.
2008 1573 2159 1633 Tum
2191 1574 2389 1650 addit,

426 1673 586 1733 nihil
615 1674 897 1733 interesse
931 1673 1010 1734 ad
1037 1673 1169 1734 eius
1193 1674 1346 1753 legis
1369 1676 1788 1736 auctoritatem
1818 1683 2025 1735 utrum
2049 1695 2120 1736 ea
2142 1677 2392 1755 scripta,

423 1795 502 1837 an
546 1796 672 1836 non
716 1777 826 1836 eit:
868 1784 931 1837 et
963 1796 1040 1837 ex
1069 1795 1234 1858 seqq.
1270 1777 1415 1838 item
1461 1786 1744 1858 apparet,
1784 1780 2059 1862 ignorare
2092 1779 2135 1841 i.
2170 1799 2233 1859 q.
2268 1798 2394 1841 non

425 1878 865 1957 obtemperare.

502 1982 916 2063 obtemperatio
976 1983 1217 2062 scriptis
1267 1977 1522 2063 legibue)
1616 1981 1759 2042 Tam
1809 1982 2051 2061 cognita
2103 1991 2193 2043 est
2240 1981 2396 2044 haec

425 2085 926 2148 substantivorum
961 2084 1298 2145 verbalium
1337 2084 1705 2144 constructio
1746 2104 1888 2145 cum
1925 2105 2065 2147 casu
2101 2106 2174 2147 eo
2206 2105 2396 2166 quem

426 2189 681 2249 verbum
728 2190 926 2268 ipsum
971 2195 1175 2266 regat,
1236 2194 1306 2245 ut
1357 2206 1482 2246 non
1534 2193 1686 2246 esset
1725 2186 1889 2265 quod
1923 2188 2285 2248 Goerenzius
2315 2186 2395 2247 ad

427 2292 770 2371 exemplum
816 2310 1058 2372 prorsus
1091 2289 1241 2349 hinc
1284 2289 1552 2350 alienum
1592 2298 1961 2351 recurreret:
2007 2289 2150 2352 na'm
2183 2310 2392 2370 supra,

430 2394 568 2473 Cap.
621 2394 661 2455 8
679 2441 697 2470 ‚
755 2394 836 2456 24
852 2441 870 2470 ‚
929 2396 1175 2476 agnatio
1226 2394 1400 2452 nohis
1450 2414 1526 2453 ex
1581 2394 1699 2454 alia
1737 2394 1931 2454 forma
1963 2386 2395 2473 explicandum

429 2516 553 2559 esee
585 2498 733 2560 dixi.
811 2497 1057 2559 Praeter
1089 2496 1525 2575 Heusingerum
1562 2497 1641 2556 ad
1668 2496 1963 2558 vechner.
1993 2497 2361 2559 Hellenolex.
2372 2544 2394 2575 ,

429 2600 706 2680 exempla
754 2605 1123 2659 annotarunt
1171 2598 1290 2656 viri
1340 2597 1505 2658 docti
1535 2598 1614 2657 ad
1647 2598 1885 2687 Livium
1917 2598 2134 2675 XXIV,
2175 2598 2254 2659 38
2272 2645 2290 2674 ‚
2330 2599 2391 2661 2.

425 2704 641 2781 XXXI,
699 2702 813 2779 40,
876 2702 970 2763 10.
1028 2701 1258 2777 XXXV,
1316 2700 1426 2776 31,
1489 2700 1585 2763 13.
1627 2701 1965 2762 Gronovius
2000 2702 2161 2762 Isect.
2197 2701 2394 2762 Plaut.

427 2826 490 2886 p.
545 2807 638 2868 15.
693 2806 926 2868 Cottius
982 2804 1061 2865 ad
1112 2804 1325 2864 Salust.
1384 2803 1554 2864 Catil.
1609 2804 1857 2881 XXXII,
1915 2805 1982 2880 1,
2033 2812 2096 2865 et
2139 2804 2216 2865 ad
2248 2805 2392 2867 nist.

429 2908 661 2988 Fragm.
715 2909 843 2986 111,
900 2928 962 2988 p.
1011 2906 1153 2970 978.
1193 2907 1598 2968 Ruhnkonius
1629 2907 1707 2968 ad
1739 2909 1974 2969 Terent.
2010 2907 2199 2969 Andr.
2231 2908 2291 2985 Ι,
2325 2907 2353 2967 l
2370 2953 2391 2986 ‚

434 3012 531 3074 17.
610 3013 821 3092 Neque
848 3012 1131 3072 assentior
1155 3010 1467 3071 Perizonio
1498 3009 1576 3070 ad
1603 3010 1799 3071 Sanct.
1825 3009 1965 3070 nin.
1993 3029 2054 3088 p.
2080 3009 2213 3070 122.
2232 3030 2393 3091 sqq„

426 3114 588 3177 luno
635 3116 1138 3177 cumulationem
1170 3114 1500 3194 ellipticam
1534 3130 1659 3173 eme
1692 3113 1952 3174 docenti.
2032 3113 2118 3172 De
2155 3112 2395 3174 Graecis

427 3219 667 3281 monuit
727 3217 1076 3280 Matthiaeus
1128 3217 1391 3278 Gramm.
1443 3216 1486 3299 §
1533 3216 1672 3278 396.
1771 3214 2228 3295 Thucydideum
2272 3215 2393 3277 hoc

427 3342 676 3405 quoque
719 3322 1065 3401 exemplum
1116 3321 1360 3398 ost,1,
1426 3320 1579 3398 122,
1636 3320 2048 3395 ἕπιτειχισμὸς
2084 3327 2161 3395 ’τῇ
2204 3322 2386 3399 χώρᾳ.

427 3424 690 3487 Platonis
736 3423 993 3504 Republ.
1046 3422 1146 3484 vl.
1197 3442 1259 3502 p.
1315 3421 1452 3484 493.
1495 3422 1582 3498 Β,
1631 3426 1803 3482 πόλει
1841 3426 1978 3481 διακ
1984 3444 2047 3480 or
2017 3430 2136 3481 νια.
2221 3422 2390 3484 Conf.

431 3527 781 3587 Stallbanm.
808 3525 889 3586 ad
905 3524 1322 3607 Euthyphron.
1348 3544 1409 3604 p.
1432 3524 1538 3600 14,
1572 3525 1639 3586 Ι).
1658 3526 1791 3585 init.
1873 3526 2183 3601 Ceterum,
2206 3527 2392 3585 inmi-

432 3632 580 3690 tium
609 3651 730 3689 esso
757 3627 1299 3711 obtemperationem
1323 3630 1564 3709 ccv-iptio
1600 3629 1855 3710 legibus,
1897 3628 1961 3686 in
1990 3626 2391 3705 sophistarum

434 3728 940 3821 dispumhfl
986 3728 1149 3809 apud
1199 3728 1507 3790 Platonem
1560 3728 1822 3803 dicitur,
1872 3732 1966 3787 ότι
2020 3731 2088 3787 τὸ
2139 3732 2249 3805 νόμ
2253 3734 2390 3806 ιμόν

433 3834 533 3903 &ca
576 3835 645 3891 τὸ
686 3835 943 3892 δίκαιον.
1028 3832 1196 3893 Confi.
1234 3833 1535 3893 Theaetet.
1569 3852 1629 3911 p.
1656 3830 1787 3893 172.
1809 3830 1880 3892 A.
1916 3840 1979 3891 et
2010 3832 2385 3909 Inter-preth:

429 3936 742 4015 iidemque
764 3936 988 3995 iustum
1005 3934 1371 3996 definiebant
1389 3940 1455 3997 τὸ
1479 3940 1842 4001 λυσιτελοῦν,
1867 3935 2254 4010 τὸξυμφὲρον,
2272 3941 2389 3994 cot.

510 4060 722 4120 easque
747 4039 1102 4120 perrumpet)
1179 4040 1389 4100 Errare
1424 4040 1580 4099 mihi
1612 4038 1899 4098 videntur
1929 4036 2288 4095 Goerenzius
2311 4035 2389 4095 ad

429 4141 493 4204 h.
528 4143 572 4202 l.
600 4152 664 4204 et
695 4142 944 4204 Beierus
977 4142 1057 4205 ad
1092 4141 1255 4205 Offic.
1289 4143 1409 4219 111,
1446 4141 1517 4219 8,
1555 4142 1674 4217 36,
1712 4141 1823 4220 qui
1855 4139 2039 4199 huius
2070 4139 2391 4200 locutionis
