3131 5032
721 415 852 482 336
1431 409 1574 476 Lm.
1622 409 1686 492 1,
1737 413 1810 493 7,
1860 413 1964 477 23.

714 641 910 700 quum
944 621 1112 680 aliud
1144 619 1325 678 simul
1356 619 1486 678 fieri
1520 627 1790 696 tempore
1817 624 2096 676 narratur
2121 634 2266 675 cum
2294 616 2441 691 alio,
2477 619 2682 698 qualia

718 732 858 782 sunt
907 723 1184 802 exempla
1226 721 1390 800 apud
1432 722 1680 799 Zumpt.⁴
1713 722 1975 779 Gramm.
2013 717 2057 800 §
2093 718 2233 781 580.
2314 720 2511 781 Semel
2544 743 2682 783 cor—

716 834 897 904 rupto
944 825 1114 901 loon,
1154 845 1228 884 ex
1265 825 1373 884 illo
1406 846 1588 905 quum
1632 824 1872 883 fluxisse
1907 824 2121 901 opinor
2161 825 2317 898 sint,
2361 825 2528 903 quod
2558 846 2681 887 ma·

716 927 932 987 nifesto
979 929 1045 986 in
1085 940 1225 988 sune
1270 927 1664 989 mutandum:
1709 926 1856 986 ferri
1889 933 2122 1005 poterat
2152 928 2276 986 nint
2307 927 2373 986 in
2408 927 2678 989 oratione

713 1030 996 1110 obliqua,
1037 1031 1225 1090 solam
1265 1053 1386 1091 esse
1425 1034 1606 1090 enim.

792 1133 836 1215 ς
875 1134 974 1194 23.
1058 1156 1239 1213 eaque
1286 1146 1342 1194 et
1387 1136 1457 1193 in
1508 1134 1741 1192 homine
1776 1143 1832 1191 et
1867 1134 1936 1190 in
1969 1128 2098 1210 deo)
2156 1083 2678 1213 Πγιιοιὼαοῑιίιιε

712 1236 855 1297 addi
911 1236 1149 1298 volebat
1198 1240 1387 1297 inest.
1438 1235 1735 1315 Madvigio
1787 1235 2222 1296 Emendatt.1.
2273 1236 2412 1315 p.7
2443 1236 2675 1316 placet,

710 1361 891 1419 eaque
941 1352 1034 1401 est.
1059 1352 1116 1401 et
1148 1343 1217 1399 in
1256 1341 1489 1400 homine
1526 1373 1625 1402 —.
1662 1339 1861 1398 Aliam
1913 1338 2440 1419 interpolationem
2493 1341 2674 1401 habet

705 1443 946 1522 Lagom.
969 1495 974 1500 f
999 1443 1109 1521 39,
1168 1465 1350 1524 eaque
1398 1456 1456 1503 et
1504 1446 1574 1502 in
1626 1442 1858 1501 homine
1907 1455 1991 1502 ese
2037 1453 2094 1501 et
2138 1444 2206 1500 in
2243 1443 2366 1503 deo.
2448 1443 2675 1503 Rursus

707 1547 828 1606 alio
874 1547 1076 1608 modo,
1105 1546 1519 1607 difficultatem
1575 1544 1789 1606 tollere
1819 1545 2066 1605 videtur
2104 1545 2187 1621 E,
2227 1544 2296 1604 in
2336 1566 2460 1625 quo
2494 1567 2675 1627 eaque

704 1651 895 1711 abeat:
955 1651 1060 1712 sed
1113 1652 1199 1712 sic
1251 1652 1556 1712 Latinitati
1605 1653 1741 1711 non,
1780 1649 2002 1709 satisfit.
2102 1646 2329 1709 Verum
2387 1669 2509 1709 non
2557 1649 2672 1710 hoc

703 1762 835 1814 erat
863 1753 1031 1832 quod
1055 1754 1267 1814 iterata
1301 1752 1715 1814 admonitione
1746 1751 2091 1830 indigebat,
2125 1752 2421 1812 rationem
2455 1772 2579 1812 owe
2612 1759 2672 1814 et

704 1859 767 1916 in
820 1858 1069 1918 homine
1115 1865 1177 1917 et
1224 1858 1289 1916 in
1325 1855 1472 1917 deo:
1515 1856 1620 1916 sed
1655 1854 1811 1922 nihil
1854 1855 1920 1914 in
1968 1863 2228 1935 utroque
2261 1875 2389 1916 esee
2423 1856 2666 1917 melius:

699 1980 843 2019 nam
877 1961 927 2018 si
959 1961 1221 2037 cogitare
1256 1959 1471 2019 liceret
1503 1959 1570 2017 in
1612 1958 1728 2018 deo
1761 1959 2100 2038 quidquam
2135 1966 2448 2038 praeterea
2481 1960 2669 2020 inesse

699 2061 865 2142 quod
904 2063 1122 2122 mclius
1160 2071 1309 2123 esset
1348 2062 1583 2123 ratione
1603 2108 1620 2138 ,
1662 2082 1786 2123 non
1838 2061 1963 2122 tali
1994 2062 2276 2123 societate
2311 2062 2495 2123 homo
2527 2081 2668 2121 cum

697 2165 816 2225 deo
846 2165 1220 2243 iungeretur.
1301 2165 1420 2225 Sed
1448 2165 1648 2245 ipsum
1674 2165 1834 2225 illud
1861 2186 2042 2245 eaque
2072 2166 2139 2224 in
2166 2165 2670 2244 praestantissimo

698 2266 917 2327 Codice
969 2275 1057 2327 est
1110 2288 1186 2327 ex
1241 2269 1651 2328 correctione:
1707 2276 1881 2328 vetus
1928 2267 2144 2344 lectio,
2186 2267 2352 2346 quod
2385 2267 2490 2327 alii
2523 2267 2667 2327 libri

695 2370 1084 2448 confirmant,
1141 2370 1264 2430 fuit
1314 2393 1476 2452 eque.
1578 2367 1884 2431 Sententia
1937 2370 2198 2450 postulat
2228 2378 2299 2431 ut
2331 2371 2666 2450 corrigatur

692 2498 879 2559 neque
931 2479 1000 2536 in
1053 2476 1287 2536 homine
1340 2497 1448 2539 nec
1501 2479 1571 2536 in
1622 2477 1746 2539 deo.
1842 2476 2046 2558 Neque
2090 2474 2276 2536 semel
2312 2475 2663 2552 obliterato,

693 2590 858 2642 ortae
911 2589 1052 2641 sunt
1100 2582 1377 2661 reliquae
1429 2581 1885 2660 intempestivae
1925 2580 2305 2640 mutationes,
2338 2612 2420 2623 —
2453 2579 2664 2641 Forma

694 2684 1026 2746 sententiae
1057 2691 1118 2744 et
1153 2705 1267 2744 usu
1303 2683 1628 2744 verborum
1669 2684 1866 2743 simile
1919 2692 2003 2744 est
2049 2683 2168 2743 hoc
2196 2681 2399 2744 Plano.
2436 2683 2511 2759 7,
2557 2682 2661 2759 18,

694 2790 837 2850 haec
870 2790 987 2849 eibi
1018 2799 1103 2848 est
1119 2791 1323 2869 prima
1354 2810 1489 2848 cum
1520 2786 1776 2849 Plancio
1799 2788 2037 2869 generis
2061 2787 2244 2846 vestri
2259 2787 2660 2867 familiaeque

694 2894 988 2954 contentio
1001 2938 1019 2967 ,
1049 2892 1117 2951 in
1146 2892 1368 2971 quibus
1391 2911 1667 2970 pronom.
1694 2891 1837 2951 haec
1860 2911 1972 2969 pro
1995 2888 2265 2968 genitivo
2291 2889 2556 2968 ponitur.
2580 2920 2661 2934 --

693 2996 827 3056 Non
882 3003 1030 3074 puto
1078 2995 1275 3054 simile
1323 2994 1620 3072 placitum
1670 2994 1994 3054 memorari
2047 2991 2272 3051 Offic.,1
2292 3038 2312 3068 ‚
2352 2992 2462 3068 43,
2509 2991 2659 3067 153,

692 3102 762 3159 in
789 3121 906 3178 qua
933 3101 1268 3159 continetur
1295 3098 1533 3157 deorum
1561 3110 1616 3158 et
1650 3098 1953 3158 homimem
1982 3098 2372 3158 communitae
2397 3108 2454 3156 et
2478 3098 2660 3157 nocie·

694 3214 785 3262 tas
819 3205 976 3261 inter
996 3205 1154 3281 ipsos
1165 3224 1195 3274 ,·
1234 3201 1686 3281 rectissimeque
1715 3200 2103 3261 Gernhardus
2131 3219 2167 3260 a
2194 3198 2509 3278 glossatore
2534 3218 2657 3260 esse

690 3313 866 3385 putat
898 3306 1134 3364 deorum
1169 3316 1226 3364 et
1244 3350 1261 3379 ‚
1303 3324 1504 3384 neque
1535 3305 1633 3383 agi
1667 3304 1746 3363 de
1785 3304 1904 3365 alia
1934 3302 2366 3364 communitate
2394 3302 2507 3361 nisi
2540 3302 2655 3362 ho-

692 3409 931 3469 minum
980 3408 1143 3467 inter
1174 3408 1364 3486 ipsos,
1406 3404 1588 3489 (quae
1623 3408 1799 3467 toties
1833 3407 1896 3466 in
1933 3405 2050 3467 hoc
2084 3406 2143 3465 Ιο
2174 3405 2332 3465 libro
2363 3404 2451 3465 de,
2476 3404 2657 3483 Legi-

689 3512 804 3570 bus
836 3505 1227 3587 memoratur)
1260 3528 1335 3568 ex
1360 3528 1484 3587 qua
1511 3508 1816 3570 ducantur
1842 3507 2035 3569 officia
2066 3507 2344 3568 iustitiae.
2413 3505 2657 3568 Addere

690 3620 925 3693 poterat
956 3614 1292 3672 societatem
1329 3611 1560 3670 homini
1596 3633 1730 3672 cum
1760 3612 1865 3671 deo
1898 3613 2152 3671 rationis
2186 3610 2311 3671 dici
2345 3629 2547 3689 posse,
2586 3617 2658 3671 ut

693 3714 892 3794 Cap.8
910 3761 928 3790 ,
958 3715 1039 3774 25
1059 3762 1077 3791 ‚
1116 3713 1306 3790 infra,
1341 3715 1572 3775 homini
1607 3737 1739 3775 cum
1779 3716 1883 3774 deo
1916 3716 2247 3775 similitudo
2283 3714 2655 3795 appellatur,

690 3838 815 3879 non
848 3818 995 3878 item
1033 3820 1528 3879 communitatem.
1611 3818 1806 3897 Igitur
1830 3838 2025 3897 quum
2048 3817 2231 3893 dicit,
2271 3817 2444 3876 illam
2476 3819 2657 3878 socie·

690 3935 866 3984 tatem
932 3924 1228 3983 contineri
1275 3924 1362 3981 in.
1387 3942 1582 3981 mrum
1639 3922 1980 3982 divinarum
2039 3934 2212 4002 atque
2270 3921 2658 3982 humanarum

690 4029 945 4087 scientia
963 4071 980 4101 ,
1020 4025 1315 4103 significat
1345 4025 1639 4105 placitum
1673 4023 1791 4084 hoc
1824 4044 1948 4087 esse
1971 4023 2425 4105 philosophiae,
2463 4023 2653 4085 homi-

693 4150 841 4191 num
870 4131 1031 4190 inter
1056 4129 1213 4209 ipsos
1240 4149 1364 4191 esse
1388 4129 1906 4191 communitatem.
1983 4129 2132 4190 Tum
2160 4128 2328 4207 quod
2353 4128 2651 4208 seqnitur,
