<?xml version="1.0" encoding="UTF-8"?>
<!DOCTYPE html PUBLIC "-//W3C//DTD XHTML 1.0 Transitional//EN"
    "http://www.w3.org/TR/xhtml1/DTD/xhtml1-transitional.dtd">
<html xmlns="http://www.w3.org/1999/xhtml" xml:lang="en" lang="en">
 <head>
  <title>
</title>
<meta http-equiv="Content-Type" content="text/html;charset=utf-8" />
  <meta name='ocr-system' content='tesseract 3.04.00' />
  <meta name='ocr-capabilities' content='ocr_page ocr_carea ocr_par ocr_line ocrx_word'/>
</head>
<body>
  <div class='ocr_page' id='page_1' title='image "./mtulliiciceroni02bakegoog_0594.png"; bbox 0 0 3131 5032; ppageno 0'>
   <div class='ocr_carea' id='block_1_1' title="bbox 1057 450 2342 537">
    <p class='ocr_par' dir='ltr' id='par_1_1' title="bbox 1057 450 2342 537">
     <span class='ocr_line' id='line_1_1' title="bbox 1057 450 2342 537; baseline -0.001 -18"><span class='ocrx_word' id='word_1_1' title='bbox 1057 450 1195 519; x_wconf 75' lang='lat' dir='ltr'><strong>Lm.</strong></span> <span class='ocrx_word' id='word_1_2' title='bbox 1237 450 1342 537; x_wconf 83' lang='lat'><strong>11,</strong></span> <span class='ocrx_word' id='word_1_3' title='bbox 1392 455 1473 519; x_wconf 82' lang='lat'><strong>13</strong></span> <span class='ocrx_word' id='word_1_4' title='bbox 1495 501 1515 536; x_wconf 92' lang='lat'>‚</span> <span class='ocrx_word' id='word_1_5' title='bbox 1563 454 1676 520; x_wconf 81' lang='lat'><strong>33.</strong></span> <span class='ocrx_word' id='word_1_6' title='bbox 2214 454 2342 518; x_wconf 77' lang='lat'><strong>525</strong></span> 
     </span>
    </p>
   </div>
   <div class='ocr_carea' id='block_1_2' title="bbox 383 657 2377 4235">
    <p class='ocr_par' dir='ltr' id='par_1_2' title="bbox 383 657 2370 2688">
     <span class='ocr_line' id='line_1_2' title="bbox 388 657 2341 740; baseline -0.002 -20"><span class='ocrx_word' id='word_1_7' title='bbox 388 661 534 740; x_wconf 74' lang='lat' dir='ltr'><strong>quid</strong></span> <span class='ocrx_word' id='word_1_8' title='bbox 548 706 566 735; x_wconf 90' lang='lat'><em>,</em></span> <span class='ocrx_word' id='word_1_9' title='bbox 607 668 714 719; x_wconf 85' lang='lat' dir='ltr'><strong>aut</strong></span> <span class='ocrx_word' id='word_1_10' title='bbox 747 679 885 739; x_wconf 77' lang='lat' dir='ltr'><strong>que:</strong></span> <span class='ocrx_word' id='word_1_11' title='bbox 928 666 1060 718; x_wconf 89' lang='lat' dir='ltr'><strong>tum</strong></span> <span class='ocrx_word' id='word_1_12' title='bbox 1089 657 1296 719; x_wconf 85' lang='lat' dir='ltr'><strong>Ambr.</strong></span> <span class='ocrx_word' id='word_1_13' title='bbox 1329 659 1388 733; x_wconf 83' lang='grc' dir='ltr'><strong>β.</strong></span> <span class='ocrx_word' id='word_1_14' title='bbox 1418 658 1552 719; x_wconf 69' lang='lat' dir='ltr'><strong>deos</strong></span> <span class='ocrx_word' id='word_1_15' title='bbox 1580 678 1721 718; x_wconf 73' lang='lat' dir='ltr'><strong>sess.</strong></span> <span class='ocrx_word' id='word_1_16' title='bbox 1790 657 1961 732; x_wconf 64' lang='lat' dir='ltr'><strong>&#39;Quid</strong></span> <span class='ocrx_word' id='word_1_17' title='bbox 1992 657 2341 738; x_wconf 75' lang='lat' dir='ltr'><strong>requiratur</strong></span> 
     </span>
     <span class='ocr_line' id='line_1_3' title="bbox 383 758 2347 841; baseline -0.004 -19"><span class='ocrx_word' id='word_1_18' title='bbox 383 763 541 822; x_wconf 90' lang='lat' dir='ltr'><strong>bene</strong></span> <span class='ocrx_word' id='word_1_19' title='bbox 584 768 967 841; x_wconf 72' lang='lat' dir='ltr'><strong>perspexerat</strong></span> <span class='ocrx_word' id='word_1_20' title='bbox 1022 758 1287 822; x_wconf 74' lang='lat' dir='ltr'><strong>Davisius</strong></span> <span class='ocrx_word' id='word_1_21' title='bbox 1302 783 1323 818; x_wconf 84' lang='lat'><strong>.-</strong></span> <span class='ocrx_word' id='word_1_22' title='bbox 1380 759 1487 820; x_wconf 91' lang='lat' dir='ltr'><strong>sed</strong></span> <span class='ocrx_word' id='word_1_23' title='bbox 1528 760 1594 818; x_wconf 92' lang='lat' dir='ltr'><strong>in</strong></span> <span class='ocrx_word' id='word_1_24' title='bbox 1639 758 2006 820; x_wconf 75' lang='lat' dir='ltr'><strong>editionibus</strong></span> <span class='ocrx_word' id='word_1_25' title='bbox 2039 759 2244 820; x_wconf 88' lang='lat' dir='ltr'><strong>omnia</strong></span> <span class='ocrx_word' id='word_1_26' title='bbox 2277 758 2347 816; x_wconf 89' lang='lat' dir='ltr'><strong>in</strong></span> 
     </span>
     <span class='ocr_line' id='line_1_4' title="bbox 383 862 2350 945; baseline -0.001 -22"><span class='ocrx_word' id='word_1_27' title='bbox 383 866 557 945; x_wconf 88' lang='lat' dir='ltr'><strong>peius</strong></span> <span class='ocrx_word' id='word_1_28' title='bbox 578 874 862 944; x_wconf 86' lang='lat' dir='ltr'><strong>corrupta</strong></span> <span class='ocrx_word' id='word_1_29' title='bbox 888 871 1044 924; x_wconf 87' lang='lat' dir='ltr'><strong>sunt.</strong></span> <span class='ocrx_word' id='word_1_30' title='bbox 1126 862 1420 942; x_wconf 80' lang='lat' dir='ltr'><strong>Equidem</strong></span> <span class='ocrx_word' id='word_1_31' title='bbox 1446 864 1559 924; x_wconf 89' lang='lat' dir='ltr'><strong>isto</strong></span> <span class='ocrx_word' id='word_1_32' title='bbox 1594 884 1708 943; x_wconf 77' lang='lat' dir='ltr'><strong>quo</strong></span> <span class='ocrx_word' id='word_1_33' title='bbox 1726 908 1745 939; x_wconf 92' lang='lat'>‚</span> <span class='ocrx_word' id='word_1_34' title='bbox 1773 883 1884 943; x_wconf 90' lang='lat' dir='ltr'><strong>per</strong></span> <span class='ocrx_word' id='word_1_35' title='bbox 1915 882 2180 924; x_wconf 90' lang='lat' dir='ltr'><strong>errorem</strong></span> <span class='ocrx_word' id='word_1_36' title='bbox 2219 868 2350 921; x_wconf 87' lang='lat' dir='ltr'><strong>orto</strong></span> 
     </span>
     <span class='ocr_line' id='line_1_5' title="bbox 384 965 2351 1049; baseline -0.002 -21"><span class='ocrx_word' id='word_1_37' title='bbox 384 987 460 1028; x_wconf 82' lang='lat' dir='ltr'><strong>ex</strong></span> <span class='ocrx_word' id='word_1_38' title='bbox 496 989 674 1049; x_wconf 73' lang='lat' dir='ltr'><strong>quom</strong></span> <span class='ocrx_word' id='word_1_39' title='bbox 690 1014 710 1045; x_wconf 91' lang='lat'><em>,</em></span> <span class='ocrx_word' id='word_1_40' title='bbox 750 967 817 1026; x_wconf 90' lang='lat' dir='ltr'><strong>in</strong></span> <span class='ocrx_word' id='word_1_41' title='bbox 860 985 1039 1025; x_wconf 88' lang='lat' dir='ltr'><strong>suum</strong></span> <span class='ocrx_word' id='word_1_42' title='bbox 1079 965 1282 1026; x_wconf 90' lang='lat' dir='ltr'><strong>locum</strong></span> <span class='ocrx_word' id='word_1_43' title='bbox 1324 973 1639 1042; x_wconf 81' lang='lat' dir='ltr'><strong>revocato,</strong></span> <span class='ocrx_word' id='word_1_44' title='bbox 1678 975 1812 1045; x_wconf 86' lang='lat' dir='ltr'><strong>post</strong></span> <span class='ocrx_word' id='word_1_45' title='bbox 1844 979 2074 1028; x_wconf 77' lang='lat' dir='ltr'><strong>nostras</strong></span> <span class='ocrx_word' id='word_1_46' title='bbox 2090 1012 2110 1043; x_wconf 88' lang='lat'><em>‚</em></span> <span class='ocrx_word' id='word_1_47' title='bbox 2151 967 2351 1045; x_wconf 77' lang='lat' dir='ltr'><strong>legam</strong></span> 
     </span>
     <span class='ocr_line' id='line_1_6' title="bbox 389 1066 2354 1151; baseline 0 -22"><span class='ocrx_word' id='word_1_48' title='bbox 389 1071 686 1151; x_wconf 69' lang='grc' dir='ltr'><strong>ρωοπίαηο</strong></span> <span class='ocrx_word' id='word_1_49' title='bbox 730 1071 789 1129; x_wconf 76' lang='lat' dir='ltr'><strong>si</strong></span> <span class='ocrx_word' id='word_1_50' title='bbox 824 1068 993 1128; x_wconf 70' lang='lat' dir='ltr'><strong>modo</strong></span> <span class='ocrx_word' id='word_1_51' title='bbox 1045 1067 1180 1127; x_wconf 77' lang='lat' dir='ltr'><strong>deos</strong></span> <span class='ocrx_word' id='word_1_52' title='bbox 1224 1087 1364 1127; x_wconf 78' lang='lat' dir='ltr'><strong>esse.</strong></span> <span class='ocrx_word' id='word_1_53' title='bbox 1400 1100 1484 1113; x_wconf 88' lang='lat'><strong>—-</strong></span> <span class='ocrx_word' id='word_1_54' title='bbox 1517 1067 1779 1127; x_wconf 73' lang='lat' dir='ltr'><strong>Deorum</strong></span> <span class='ocrx_word' id='word_1_55' title='bbox 1812 1066 1979 1128; x_wconf 90' lang='lat' dir='ltr'><strong>enim</strong></span> <span class='ocrx_word' id='word_1_56' title='bbox 2029 1066 2354 1147; x_wconf 75' lang='lat' dir='ltr'><strong>appellatio</strong></span> 
     </span>
     <span class='ocr_line' id='line_1_7' title="bbox 387 1169 2355 1251; baseline -0.002 -18"><span class='ocrx_word' id='word_1_57' title='bbox 387 1173 457 1233; x_wconf 89' lang='lat' dir='ltr'><strong>in</strong></span> <span class='ocrx_word' id='word_1_58' title='bbox 488 1172 605 1233; x_wconf 85' lang='lat' dir='ltr'><strong>hac</strong></span> <span class='ocrx_word' id='word_1_59' title='bbox 633 1171 1153 1251; x_wconf 73' lang='lat' dir='ltr'><strong>argumentatione</strong></span> <span class='ocrx_word' id='word_1_60' title='bbox 1186 1170 1515 1231; x_wconf 84' lang='lat' dir='ltr'><strong>necessaria</strong></span> <span class='ocrx_word' id='word_1_61' title='bbox 1544 1176 1634 1231; x_wconf 85' lang='lat' dir='ltr'><strong>est</strong></span> <span class='ocrx_word' id='word_1_62' title='bbox 1648 1215 1669 1247; x_wconf 90' lang='lat'><strong><em>,</em></strong></span> <span class='ocrx_word' id='word_1_63' title='bbox 1706 1188 1869 1250; x_wconf 85' lang='lat' dir='ltr'><strong>quae</strong></span> <span class='ocrx_word' id='word_1_64' title='bbox 1899 1169 2114 1231; x_wconf 88' lang='lat' dir='ltr'><strong>eadem</strong></span> <span class='ocrx_word' id='word_1_65' title='bbox 2140 1188 2355 1249; x_wconf 90' lang='lat' dir='ltr'><strong>propo·</strong></span> 
     </span>
     <span class='ocr_line' id='line_1_8' title="bbox 386 1272 2354 1353; baseline -0.001 -19"><span class='ocrx_word' id='word_1_66' title='bbox 386 1274 557 1335; x_wconf 87' lang='lat' dir='ltr'><strong>nitur</strong></span> <span class='ocrx_word' id='word_1_67' title='bbox 598 1276 670 1335; x_wconf 91' lang='lat' dir='ltr'><strong>in</strong></span> <span class='ocrx_word' id='word_1_68' title='bbox 713 1274 776 1334; x_wconf 92' lang='lat'><strong>11</strong></span> <span class='ocrx_word' id='word_1_69' title='bbox 821 1275 955 1335; x_wconf 81' lang='lat' dir='ltr'><strong>Nat.</strong></span> <span class='ocrx_word' id='word_1_70' title='bbox 997 1274 1060 1335; x_wconf 86' lang='lat' dir='ltr'><strong>D.</strong></span> <span class='ocrx_word' id='word_1_71' title='bbox 1070 1319 1091 1351; x_wconf 91' lang='lat'><strong><em>,</em></strong></span> <span class='ocrx_word' id='word_1_72' title='bbox 1132 1281 1195 1332; x_wconf 88' lang='lat' dir='ltr'><strong>et</strong></span> <span class='ocrx_word' id='word_1_73' title='bbox 1227 1273 1259 1333; x_wconf 91' lang='grc' dir='ltr'>Ι</span> <span class='ocrx_word' id='word_1_74' title='bbox 1291 1272 1528 1335; x_wconf 62' lang='lat' dir='ltr'><strong>Divina</strong></span> <span class='ocrx_word' id='word_1_75' title='bbox 1565 1274 1885 1353; x_wconf 77' lang='lat' dir='ltr'><strong>formaque</strong></span> <span class='ocrx_word' id='word_1_76' title='bbox 1926 1280 2016 1334; x_wconf 88' lang='lat' dir='ltr'><strong>est</strong></span> <span class='ocrx_word' id='word_1_77' title='bbox 2047 1273 2354 1353; x_wconf 82' lang='lat' dir='ltr'><strong>enthyme-</strong></span> 
     </span>
     <span class='ocr_line' id='line_1_9' title="bbox 386 1373 2356 1455; baseline -0.002 -18"><span class='ocrx_word' id='word_1_78' title='bbox 386 1376 565 1437; x_wconf 86' lang='lat' dir='ltr'><strong>matis</strong></span> <span class='ocrx_word' id='word_1_79' title='bbox 580 1420 600 1452; x_wconf 89' lang='lat'>,</span> <span class='ocrx_word' id='word_1_80' title='bbox 669 1375 851 1435; x_wconf 87' lang='lat' dir='ltr'><strong>cuius</strong></span> <span class='ocrx_word' id='word_1_81' title='bbox 909 1373 1232 1455; x_wconf 71' lang='lat' dir='ltr'><strong>propositio</strong></span> <span class='ocrx_word' id='word_1_82' title='bbox 1285 1375 1549 1452; x_wconf 76' lang='lat' dir='ltr'><strong>pertinet</strong></span> <span class='ocrx_word' id='word_1_83' title='bbox 1604 1375 1687 1435; x_wconf 82' lang='lat' dir='ltr'><strong>ad</strong></span> <span class='ocrx_word' id='word_1_84' title='bbox 1741 1397 1863 1437; x_wconf 76' lang='lat' dir='ltr'><strong>esso</strong></span> <span class='ocrx_word' id='word_1_85' title='bbox 1925 1377 2356 1436; x_wconf 73' lang='lat' dir='ltr'><strong>divinationem</strong></span> 
     </span>
     <span class='ocr_line' id='line_1_10' title="bbox 389 1478 2359 1561; baseline 0.001 -23"><span class='ocrx_word' id='word_1_86' title='bbox 389 1500 593 1561; x_wconf 73' lang='lat' dir='ltr'><strong>negem</strong></span> <span class='ocrx_word' id='word_1_87' title='bbox 603 1501 635 1552; x_wconf 87' lang='lat'><strong>,·</strong></span> <span class='ocrx_word' id='word_1_88' title='bbox 686 1478 967 1538; x_wconf 86' lang='lat' dir='ltr'><strong>assumtio</strong></span> <span class='ocrx_word' id='word_1_89' title='bbox 1011 1498 1204 1558; x_wconf 86' lang='lat' dir='ltr'><strong>usque</strong></span> <span class='ocrx_word' id='word_1_90' title='bbox 1254 1478 1334 1538; x_wconf 89' lang='lat' dir='ltr'><strong>ad</strong></span> <span class='ocrx_word' id='word_1_91' title='bbox 1382 1479 1651 1560; x_wconf 73' lang='lat' dir='ltr'><strong>cogitur.-</strong></span> <span class='ocrx_word' id='word_1_92' title='bbox 1691 1479 1999 1541; x_wconf 83' lang='lat' dir='ltr'><strong>conclusio</strong></span> <span class='ocrx_word' id='word_1_93' title='bbox 2038 1480 2359 1540; x_wconf 88' lang='lat' dir='ltr'><strong>omittitur.</strong></span> 
     </span>
     <span class='ocr_line' id='line_1_11' title="bbox 392 1581 2358 1661; baseline 0 -19"><span class='ocrx_word' id='word_1_94' title='bbox 392 1581 592 1642; x_wconf 85' lang='lat' dir='ltr'><strong>simili</strong></span> <span class='ocrx_word' id='word_1_95' title='bbox 627 1582 859 1642; x_wconf 90' lang='lat' dir='ltr'><strong>ratione</strong></span> <span class='ocrx_word' id='word_1_96' title='bbox 890 1581 1069 1643; x_wconf 79' lang='lat' dir='ltr'><strong>video</strong></span> <span class='ocrx_word' id='word_1_97' title='bbox 1094 1602 1132 1643; x_wconf 86' lang='lat' dir='ltr'><strong>a</strong></span> <span class='ocrx_word' id='word_1_98' title='bbox 1156 1581 1453 1660; x_wconf 72' lang='lat' dir='ltr'><strong>Madvigio</strong></span> <span class='ocrx_word' id='word_1_99' title='bbox 1477 1590 1820 1643; x_wconf 83' lang='lat' dir='ltr'><strong>correctum</strong></span> <span class='ocrx_word' id='word_1_100' title='bbox 1847 1603 1971 1644; x_wconf 87' lang='lat' dir='ltr'><strong>esse</strong></span> <span class='ocrx_word' id='word_1_101' title='bbox 1992 1582 2358 1661; x_wconf 76' lang='lat' dir='ltr'><strong>Programm.</strong></span> 
     </span>
     <span class='ocr_line' id='line_1_12' title="bbox 392 1684 2360 1766; baseline -0.001 -18"><span class='ocrx_word' id='word_1_102' title='bbox 392 1684 562 1748; x_wconf 88' lang='lat' dir='ltr'><strong>laud.</strong></span> <span class='ocrx_word' id='word_1_103' title='bbox 615 1703 678 1764; x_wconf 90' lang='lat' dir='ltr'><strong>p.</strong></span> <span class='ocrx_word' id='word_1_104' title='bbox 734 1685 842 1760; x_wconf 89' lang='lat'><strong>18,</strong></span> <span class='ocrx_word' id='word_1_105' title='bbox 895 1685 1005 1765; x_wconf 86' lang='lat' dir='ltr'><strong>qui</strong></span> <span class='ocrx_word' id='word_1_106' title='bbox 1071 1685 1228 1766; x_wconf 73' lang='lat' dir='ltr'><strong>quod</strong></span> <span class='ocrx_word' id='word_1_107' title='bbox 1277 1685 1511 1745; x_wconf 87' lang='lat' dir='ltr'><strong>abiecto</strong></span> <span class='ocrx_word' id='word_1_108' title='bbox 1525 1730 1545 1761; x_wconf 88' lang='lat'><em>‚</em></span> <span class='ocrx_word' id='word_1_109' title='bbox 1598 1684 1852 1766; x_wconf 88' lang='lat' dir='ltr'><strong>(quippe</strong></span> <span class='ocrx_word' id='word_1_110' title='bbox 1896 1694 2028 1747; x_wconf 89' lang='lat' dir='ltr'><strong>orto</strong></span> <span class='ocrx_word' id='word_1_111' title='bbox 2072 1706 2150 1746; x_wconf 88' lang='lat' dir='ltr'><strong>ex</strong></span> <span class='ocrx_word' id='word_1_112' title='bbox 2202 1684 2360 1746; x_wconf 89' lang='lat' dir='ltr'><strong>male</strong></span> 
     </span>
     <span class='ocr_line' id='line_1_13' title="bbox 391 1787 2363 1869; baseline 0 -22"><span class='ocrx_word' id='word_1_113' title='bbox 391 1788 712 1849; x_wconf 88' lang='lat' dir='ltr'><strong>intellecto</strong></span> <span class='ocrx_word' id='word_1_114' title='bbox 761 1788 1123 1869; x_wconf 88' lang='lat' dir='ltr'><strong>compendio</strong></span> <span class='ocrx_word' id='word_1_115' title='bbox 1170 1787 1303 1869; x_wconf 76' lang='lat' dir='ltr'><strong>syll.</strong></span> <span class='ocrx_word' id='word_1_116' title='bbox 1351 1787 1474 1865; x_wconf 73' lang='lat' dir='ltr'><strong>dis)</strong></span> <span class='ocrx_word' id='word_1_117' title='bbox 1491 1835 1510 1866; x_wconf 87' lang='lat'><em>‚</em></span> <span class='ocrx_word' id='word_1_118' title='bbox 1549 1807 1663 1868; x_wconf 83' lang='lat' dir='ltr'><strong>pro</strong></span> <span class='ocrx_word' id='word_1_119' title='bbox 1694 1809 1949 1850; x_wconf 62' lang='lat' dir='ltr'><strong>nmmos</strong></span> <span class='ocrx_word' id='word_1_120' title='bbox 1985 1790 2108 1868; x_wconf 54' lang='lat' dir='ltr'><strong>leffi</strong></span> <span class='ocrx_word' id='word_1_121' title='bbox 2139 1789 2273 1851; x_wconf 79' lang='lat' dir='ltr'><strong>vult</strong></span> <span class='ocrx_word' id='word_1_122' title='bbox 2303 1789 2363 1848; x_wconf 80' lang='lat' dir='ltr'><strong>si</strong></span> 
     </span>
     <span class='ocr_line' id='line_1_14' title="bbox 391 1890 2362 1971; baseline -0.001 -19"><span class='ocrx_word' id='word_1_123' title='bbox 391 1894 557 1952; x_wconf 72' lang='lat' dir='ltr'><strong>enim</strong></span> <span class='ocrx_word' id='word_1_124' title='bbox 629 1891 783 1955; x_wconf 68' lang='lat' dir='ltr'><strong>deos.</strong></span> <span class='ocrx_word' id='word_1_125' title='bbox 880 1891 1016 1951; x_wconf 85' lang='lat' dir='ltr'><strong>Non</strong></span> <span class='ocrx_word' id='word_1_126' title='bbox 1073 1890 1338 1952; x_wconf 87' lang='lat' dir='ltr'><strong>decerno</strong></span> <span class='ocrx_word' id='word_1_127' title='bbox 1399 1898 1534 1952; x_wconf 88' lang='lat' dir='ltr'><strong>utra</strong></span> <span class='ocrx_word' id='word_1_128' title='bbox 1594 1891 1751 1952; x_wconf 89' lang='lat' dir='ltr'><strong>ratio</strong></span> <span class='ocrx_word' id='word_1_129' title='bbox 1803 1900 2080 1971; x_wconf 88' lang='lat' dir='ltr'><strong>praestet.</strong></span> <span class='ocrx_word' id='word_1_130' title='bbox 2143 1923 2225 1938; x_wconf 89' lang='lat'>—</span> <span class='ocrx_word' id='word_1_131' title='bbox 2285 1891 2362 1951; x_wconf 91' lang='lat' dir='ltr'><strong>In</strong></span> 
     </span>
     <span class='ocr_line' id='line_1_15' title="bbox 393 1994 2364 2077; baseline -0.001 -22"><span class='ocrx_word' id='word_1_132' title='bbox 393 1995 712 2077; x_wconf 81' lang='lat' dir='ltr'><strong>proximis,</strong></span> <span class='ocrx_word' id='word_1_133' title='bbox 765 2006 822 2054; x_wconf 75' lang='lat' dir='ltr'><strong>et</strong></span> <span class='ocrx_word' id='word_1_134' title='bbox 868 1995 1195 2055; x_wconf 68' lang='lat' dir='ltr'><strong>eorumdem</strong></span> <span class='ocrx_word' id='word_1_135' title='bbox 1236 1994 1541 2054; x_wconf 71' lang='lat' dir='ltr'><strong>bominum</strong></span> <span class='ocrx_word' id='word_1_136' title='bbox 1573 1996 1871 2055; x_wconf 70' lang='lat' dir='ltr'><strong>consulere</strong></span> <span class='ocrx_word' id='word_1_137' title='bbox 1908 1996 2118 2077; x_wconf 71' lang='lat' dir='ltr'><strong>generi</strong></span> <span class='ocrx_word' id='word_1_138' title='bbox 2134 2041 2152 2070; x_wconf 88' lang='lat'><em>,</em></span> <span class='ocrx_word' id='word_1_139' title='bbox 2190 1995 2364 2055; x_wconf 75' lang='lat' dir='ltr'><strong>beni-</strong></span> 
     </span>
     <span class='ocr_line' id='line_1_16' title="bbox 393 2097 2359 2181; baseline -0.002 -22"><span class='ocrx_word' id='word_1_140' title='bbox 393 2102 687 2181; x_wconf 73' lang='lat' dir='ltr'><strong>gnitatem</strong></span> <span class='ocrx_word' id='word_1_141' title='bbox 715 2099 1007 2158; x_wconf 87' lang='lat' dir='ltr'><strong>insertum</strong></span> <span class='ocrx_word' id='word_1_142' title='bbox 1041 2104 1172 2177; x_wconf 81' lang='lat' dir='ltr'><strong>post</strong></span> <span class='ocrx_word' id='word_1_143' title='bbox 1203 2097 1533 2158; x_wconf 72' lang='lat' dir='ltr'><strong>eorumdem</strong></span> <span class='ocrx_word' id='word_1_144' title='bbox 1563 2097 1789 2158; x_wconf 85' lang='lat' dir='ltr'><strong>habent</strong></span> <span class='ocrx_word' id='word_1_145' title='bbox 1812 2117 1956 2159; x_wconf 84' lang='lat' dir='ltr'><strong>sane</strong></span> <span class='ocrx_word' id='word_1_146' title='bbox 1982 2097 2192 2159; x_wconf 78' lang='lat' dir='ltr'><strong>Ambr.</strong></span> <span class='ocrx_word' id='word_1_147' title='bbox 2218 2098 2277 2173; x_wconf 83' lang='grc' dir='ltr'><strong>β.</strong></span> <span class='ocrx_word' id='word_1_148' title='bbox 2296 2117 2359 2177; x_wconf 72' lang='lat' dir='ltr'><strong>y:</strong></span> 
     </span>
     <span class='ocr_line' id='line_1_17' title="bbox 398 2199 2365 2280; baseline -0.002 -18"><span class='ocrx_word' id='word_1_149' title='bbox 398 2201 508 2262; x_wconf 88' lang='lat' dir='ltr'><strong>sed</strong></span> <span class='ocrx_word' id='word_1_150' title='bbox 559 2222 672 2262; x_wconf 91' lang='lat' dir='ltr'><strong>cur</strong></span> <span class='ocrx_word' id='word_1_151' title='bbox 720 2200 1150 2280; x_wconf 85' lang='lat' dir='ltr'><strong>interpolatum</strong></span> <span class='ocrx_word' id='word_1_152' title='bbox 1200 2209 1410 2280; x_wconf 88' lang='lat' dir='ltr'><strong>putem</strong></span> <span class='ocrx_word' id='word_1_153' title='bbox 1460 2199 1613 2261; x_wconf 86' lang='lat' dir='ltr'><strong>haec</strong></span> <span class='ocrx_word' id='word_1_154' title='bbox 1663 2200 1821 2261; x_wconf 88' lang='lat' dir='ltr'><strong>ratio</strong></span> <span class='ocrx_word' id='word_1_155' title='bbox 1861 2208 1988 2278; x_wconf 87' lang='lat' dir='ltr'><strong>est,</strong></span> <span class='ocrx_word' id='word_1_156' title='bbox 2038 2201 2205 2280; x_wconf 88' lang='lat' dir='ltr'><strong>quod</strong></span> <span class='ocrx_word' id='word_1_157' title='bbox 2238 2219 2365 2260; x_wconf 89' lang='lat' dir='ltr'><strong>non</strong></span> 
     </span>
     <span class='ocr_line' id='line_1_18' title="bbox 402 2302 2368 2383; baseline 0 -20"><span class='ocrx_word' id='word_1_158' title='bbox 402 2303 554 2363; x_wconf 71' lang='lat' dir='ltr'><strong>solet</strong></span> <span class='ocrx_word' id='word_1_159' title='bbox 583 2303 791 2362; x_wconf 83' lang='lat' dir='ltr'><strong>Cicero</strong></span> <span class='ocrx_word' id='word_1_160' title='bbox 827 2303 895 2361; x_wconf 87' lang='lat' dir='ltr'><strong>in</strong></span> <span class='ocrx_word' id='word_1_161' title='bbox 924 2302 1181 2363; x_wconf 80' lang='lat' dir='ltr'><strong>deorum</strong></span> <span class='ocrx_word' id='word_1_162' title='bbox 1213 2302 1543 2363; x_wconf 77' lang='lat' dir='ltr'><strong>virtutihus</strong></span> <span class='ocrx_word' id='word_1_163' title='bbox 1573 2305 2028 2383; x_wconf 75' lang='grc' dir='ltr'><strong>προσωποποιΐᾳ</strong></span> <span class='ocrx_word' id='word_1_164' title='bbox 2062 2303 2171 2364; x_wconf 78' lang='lat' dir='ltr'><strong>uti.</strong></span> <span class='ocrx_word' id='word_1_165' title='bbox 2250 2303 2368 2363; x_wconf 75' lang='lat' dir='ltr'><strong>Ita-</strong></span> 
     </span>
     <span class='ocr_line' id='line_1_19' title="bbox 406 2403 2368 2484; baseline 0.002 -22"><span class='ocrx_word' id='word_1_166' title='bbox 406 2423 530 2482; x_wconf 90' lang='lat' dir='ltr'><strong>que</strong></span> <span class='ocrx_word' id='word_1_167' title='bbox 561 2403 628 2462; x_wconf 92' lang='lat' dir='ltr'><strong>in</strong></span> <span class='ocrx_word' id='word_1_168' title='bbox 669 2404 1088 2463; x_wconf 75' lang='lat' dir='ltr'><strong>terminatione</strong></span> <span class='ocrx_word' id='word_1_169' title='bbox 1115 2405 1487 2482; x_wconf 72' lang='lat' dir='ltr'><strong>pronominis</strong></span> <span class='ocrx_word' id='word_1_170' title='bbox 1512 2414 1759 2484; x_wconf 90' lang='lat' dir='ltr'><strong>propter</strong></span> <span class='ocrx_word' id='word_1_171' title='bbox 1791 2406 1994 2466; x_wconf 77' lang='lat' dir='ltr'><strong>vicina</strong></span> <span class='ocrx_word' id='word_1_172' title='bbox 2021 2406 2368 2467; x_wconf 84' lang='lat' dir='ltr'><strong>aberratum</strong></span> 
     </span>
     <span class='ocr_line' id='line_1_20' title="bbox 405 2504 2370 2588; baseline 0.002 -23"><span class='ocrx_word' id='word_1_173' title='bbox 405 2525 534 2565; x_wconf 84' lang='lat' dir='ltr'><strong>esse</strong></span> <span class='ocrx_word' id='word_1_174' title='bbox 564 2512 744 2585; x_wconf 88' lang='lat' dir='ltr'><strong>puto,</strong></span> <span class='ocrx_word' id='word_1_175' title='bbox 784 2504 1333 2585; x_wconf 74' lang='lat' dir='ltr'><strong>corrigendumque</strong></span> <span class='ocrx_word' id='word_1_176' title='bbox 1355 2525 1478 2568; x_wconf 79' lang='lat' dir='ltr'><strong>esse</strong></span> <span class='ocrx_word' id='word_1_177' title='bbox 1500 2518 1558 2567; x_wconf 77' lang='lat' dir='ltr'><strong>et</strong></span> <span class='ocrx_word' id='word_1_178' title='bbox 1587 2507 1840 2568; x_wconf 80' lang='lat' dir='ltr'><strong>eosdem.-</strong></span> <span class='ocrx_word' id='word_1_179' title='bbox 1868 2507 1933 2567; x_wconf 91' lang='lat' dir='ltr'><strong>id</strong></span> <span class='ocrx_word' id='word_1_180' title='bbox 1962 2506 2130 2588; x_wconf 88' lang='lat' dir='ltr'><strong>quod</strong></span> <span class='ocrx_word' id='word_1_181' title='bbox 2146 2506 2370 2568; x_wconf 68' lang='lat' dir='ltr'><strong>Mooero</strong></span> 
     </span>
     <span class='ocr_line' id='line_1_21' title="bbox 405 2608 1933 2688; baseline -0.001 -20"><span class='ocrx_word' id='word_1_182' title='bbox 405 2627 652 2688; x_wconf 82' lang='lat' dir='ltr'><strong>quoque</strong></span> <span class='ocrx_word' id='word_1_183' title='bbox 689 2608 940 2687; x_wconf 79' lang='lat' dir='ltr'><strong>placuit.</strong></span> <span class='ocrx_word' id='word_1_184' title='bbox 1922 2655 1933 2656; x_wconf 17' lang='grc' dir='ltr'><em>κ</em></span> 
     </span>
    </p>

    <p class='ocr_par' dir='ltr' id='par_1_3' title="bbox 400 2711 2376 3825">
     <span class='ocr_line' id='line_1_22' title="bbox 486 2711 2370 2794; baseline -0.001 -21"><span class='ocrx_word' id='word_1_185' title='bbox 486 2711 531 2794; x_wconf 80' lang='lat'><em>§</em></span> <span class='ocrx_word' id='word_1_186' title='bbox 580 2711 681 2773; x_wconf 82' lang='lat'><strong>33.</strong></span> <span class='ocrx_word' id='word_1_187' title='bbox 773 2721 974 2771; x_wconf 71' lang='lat' dir='ltr'><strong>nostra</strong></span> <span class='ocrx_word' id='word_1_188' title='bbox 1020 2721 1108 2772; x_wconf 75' lang='lat' dir='ltr'><strong>est</strong></span> <span class='ocrx_word' id='word_1_189' title='bbox 1143 2711 1327 2791; x_wconf 75' lang='lat' dir='ltr'><strong>plena</strong></span> <span class='ocrx_word' id='word_1_190' title='bbox 1375 2732 1466 2771; x_wconf 77' lang='lat' dir='ltr'><strong>res</strong></span> <span class='ocrx_word' id='word_1_191' title='bbox 1504 2712 1776 2794; x_wconf 71' lang='lat' dir='ltr'><strong>publica)</strong></span> <span class='ocrx_word' id='word_1_192' title='bbox 1871 2712 2043 2773; x_wconf 82' lang='lat' dir='ltr'><strong>Hunc</strong></span> <span class='ocrx_word' id='word_1_193' title='bbox 2090 2711 2370 2774; x_wconf 84' lang='lat' dir='ltr'><strong>ordinem</strong></span> 
     </span>
     <span class='ocr_line' id='line_1_23' title="bbox 405 2814 2369 2894; baseline 0 -19"><span class='ocrx_word' id='word_1_194' title='bbox 405 2815 630 2877; x_wconf 87' lang='lat' dir='ltr'><strong>cedere</strong></span> <span class='ocrx_word' id='word_1_195' title='bbox 663 2814 887 2876; x_wconf 90' lang='lat' dir='ltr'><strong>debere</strong></span> <span class='ocrx_word' id='word_1_196' title='bbox 921 2824 1071 2894; x_wconf 90' lang='lat' dir='ltr'><strong>puto</strong></span> <span class='ocrx_word' id='word_1_197' title='bbox 1115 2814 1290 2875; x_wconf 87' lang='lat' dir='ltr'><strong>alteri</strong></span> <span class='ocrx_word' id='word_1_198' title='bbox 1305 2860 1324 2891; x_wconf 92' lang='lat'>‚</span> <span class='ocrx_word' id='word_1_199' title='bbox 1365 2834 1550 2894; x_wconf 82' lang='lat' dir='ltr'><strong>quem</strong></span> <span class='ocrx_word' id='word_1_200' title='bbox 1585 2816 1908 2877; x_wconf 86' lang='lat' dir='ltr'><strong>deteriores</strong></span> <span class='ocrx_word' id='word_1_201' title='bbox 1937 2815 2082 2876; x_wconf 86' lang='lat' dir='ltr'><strong>libri</strong></span> <span class='ocrx_word' id='word_1_202' title='bbox 2115 2816 2369 2890; x_wconf 86' lang='lat' dir='ltr'><strong>habent,</strong></span> 
     </span>
     <span class='ocr_line' id='line_1_24' title="bbox 400 2918 2373 3001; baseline 0 -23"><span class='ocrx_word' id='word_1_203' title='bbox 400 2919 585 3000; x_wconf 78' lang='lat' dir='ltr'><strong>plena</strong></span> <span class='ocrx_word' id='word_1_204' title='bbox 624 2930 730 2980; x_wconf 75' lang='lat' dir='ltr'><strong>est.</strong></span> <span class='ocrx_word' id='word_1_205' title='bbox 771 2950 852 2964; x_wconf 89' lang='lat'>—</span> <span class='ocrx_word' id='word_1_206' title='bbox 889 2918 1021 2979; x_wconf 71' lang='lat' dir='ltr'><strong>Mox</strong></span> <span class='ocrx_word' id='word_1_207' title='bbox 1067 2918 1130 2976; x_wconf 86' lang='lat' dir='ltr'><strong>in</strong></span> <span class='ocrx_word' id='word_1_208' title='bbox 1165 2918 1364 2978; x_wconf 81' lang='lat' dir='ltr'><strong>verbis</strong></span> <span class='ocrx_word' id='word_1_209' title='bbox 1402 2939 1697 3001; x_wconf 70' lang='lat' dir='ltr'><strong>augurum</strong></span> <span class='ocrx_word' id='word_1_210' title='bbox 1719 2920 2046 3001; x_wconf 75' lang='lat' dir='ltr'><strong>praedictis</strong></span> <span class='ocrx_word' id='word_1_211' title='bbox 2077 2919 2262 2978; x_wconf 75' lang='lat' dir='ltr'><strong>multa</strong></span> <span class='ocrx_word' id='word_1_212' title='bbox 2288 2950 2373 2967; x_wconf 89' lang='lat'><strong>-—</strong></span> 
     </span>
     <span class='ocr_line' id='line_1_25' title="bbox 407 3020 2371 3102; baseline -0.002 -19"><span class='ocrx_word' id='word_1_213' title='bbox 407 3023 695 3083; x_wconf 72' lang='lat' dir='ltr'><strong>cecidisse</strong></span> <span class='ocrx_word' id='word_1_214' title='bbox 712 3068 730 3099; x_wconf 90' lang='lat'>‚</span> <span class='ocrx_word' id='word_1_215' title='bbox 790 3020 1281 3100; x_wconf 76' lang='lat' dir='ltr'><strong>inexplicabilem</strong></span> <span class='ocrx_word' id='word_1_216' title='bbox 1344 3041 1473 3082; x_wconf 86' lang='lat' dir='ltr'><strong>esse</strong></span> <span class='ocrx_word' id='word_1_217' title='bbox 1524 3023 2031 3084; x_wconf 73' lang='lat' dir='ltr'><strong>constructionem</strong></span> <span class='ocrx_word' id='word_1_218' title='bbox 2079 3029 2263 3102; x_wconf 88' lang='lat' dir='ltr'><strong>puto;</strong></span> <span class='ocrx_word' id='word_1_219' title='bbox 2320 3022 2371 3080; x_wconf 86' lang='lat' dir='ltr'><strong>si</strong></span> 
     </span>
     <span class='ocr_line' id='line_1_26' title="bbox 411 3124 2371 3206; baseline 0 -21"><span class='ocrx_word' id='word_1_220' title='bbox 411 3126 663 3206; x_wconf 81' lang='lat' dir='ltr'><strong>quidem</strong></span> <span class='ocrx_word' id='word_1_221' title='bbox 712 3145 915 3205; x_wconf 88' lang='lat' dir='ltr'><strong>neque</strong></span> <span class='ocrx_word' id='word_1_222' title='bbox 958 3124 1233 3185; x_wconf 80' lang='lat' dir='ltr'><strong>dativum</strong></span> <span class='ocrx_word' id='word_1_223' title='bbox 1252 3169 1273 3200; x_wconf 90' lang='lat'>‚</span> <span class='ocrx_word' id='word_1_224' title='bbox 1321 3125 1436 3184; x_wconf 90' lang='lat' dir='ltr'><strong>nisi</strong></span> <span class='ocrx_word' id='word_1_225' title='bbox 1479 3145 1769 3206; x_wconf 86' lang='lat' dir='ltr'><strong>personae</strong></span> <span class='ocrx_word' id='word_1_226' title='bbox 1784 3172 1804 3202; x_wconf 92' lang='lat'><em>,</em></span> <span class='ocrx_word' id='word_1_227' title='bbox 1856 3126 2131 3186; x_wconf 76' lang='lat' dir='ltr'><strong>adsciscit</strong></span> <span class='ocrx_word' id='word_1_228' title='bbox 2177 3146 2235 3190; x_wconf 75' lang='lat' dir='ltr'><strong>v.</strong></span> <span class='ocrx_word' id='word_1_229' title='bbox 2277 3146 2371 3186; x_wconf 79' lang='lat' dir='ltr'><strong>ca·</strong></span> 
     </span>
     <span class='ocr_line' id='line_1_27' title="bbox 405 3228 2371 3309; baseline -0.001 -19"><span class='ocrx_word' id='word_1_230' title='bbox 405 3231 578 3307; x_wconf 75' lang='lat' dir='ltr'><strong>dere,</strong></span> <span class='ocrx_word' id='word_1_231' title='bbox 637 3247 842 3307; x_wconf 90' lang='lat' dir='ltr'><strong>neque</strong></span> <span class='ocrx_word' id='word_1_232' title='bbox 895 3228 1227 3290; x_wconf 81' lang='lat' dir='ltr'><strong>ablativum</strong></span> <span class='ocrx_word' id='word_1_233' title='bbox 1274 3229 1578 3309; x_wconf 86' lang='lat' dir='ltr'><strong>explicare</strong></span> <span class='ocrx_word' id='word_1_234' title='bbox 1610 3230 1790 3306; x_wconf 89' lang='lat' dir='ltr'><strong>licet,</strong></span> <span class='ocrx_word' id='word_1_235' title='bbox 1830 3237 1901 3292; x_wconf 88' lang='lat' dir='ltr'><strong>ut</strong></span> <span class='ocrx_word' id='word_1_236' title='bbox 1929 3230 2006 3288; x_wconf 88' lang='lat' dir='ltr'><strong>sit</strong></span> <span class='ocrx_word' id='word_1_237' title='bbox 2037 3228 2371 3288; x_wconf 88' lang='lat' dir='ltr'><strong>secundum</strong></span> 
     </span>
     <span class='ocr_line' id='line_1_28' title="bbox 406 3330 2371 3413; baseline -0.004 -17"><span class='ocrx_word' id='word_1_238' title='bbox 406 3333 751 3413; x_wconf 83' lang='lat' dir='ltr'><strong>praedicta,</strong></span> <span class='ocrx_word' id='word_1_239' title='bbox 811 3350 1007 3412; x_wconf 85' lang='lat' dir='ltr'><strong>quum</strong></span> <span class='ocrx_word' id='word_1_240' title='bbox 1057 3350 1318 3411; x_wconf 79' lang='lat' dir='ltr'><strong>augures</strong></span> <span class='ocrx_word' id='word_1_241' title='bbox 1357 3332 1806 3410; x_wconf 78' lang='lat' dir='ltr'><strong>praedixissent.</strong></span> <span class='ocrx_word' id='word_1_242' title='bbox 1886 3330 2003 3393; x_wconf 87' lang='lat' dir='ltr'><strong>Sed</strong></span> <span class='ocrx_word' id='word_1_243' title='bbox 2039 3347 2120 3391; x_wconf 89' lang='lat' dir='ltr'><strong>ne</strong></span> <span class='ocrx_word' id='word_1_244' title='bbox 2160 3331 2371 3391; x_wconf 82' lang='lat' dir='ltr'><strong>attinet</strong></span> 
     </span>
     <span class='ocr_line' id='line_1_29' title="bbox 403 3433 2374 3516; baseline 0.001 -21"><span class='ocrx_word' id='word_1_245' title='bbox 403 3436 661 3516; x_wconf 82' lang='lat' dir='ltr'><strong>quidem</strong></span> <span class='ocrx_word' id='word_1_246' title='bbox 709 3436 797 3496; x_wconf 87' lang='lat' dir='ltr'><strong>ita</strong></span> <span class='ocrx_word' id='word_1_247' title='bbox 850 3434 1223 3514; x_wconf 72' lang='lat' dir='ltr'><strong>distinguere</strong></span> <span class='ocrx_word' id='word_1_248' title='bbox 1259 3437 1572 3516; x_wconf 74' lang='lat' dir='ltr'><strong>praedicta</strong></span> <span class='ocrx_word' id='word_1_249' title='bbox 1587 3483 1605 3512; x_wconf 90' lang='lat'><em>,</em></span> <span class='ocrx_word' id='word_1_250' title='bbox 1664 3444 1737 3497; x_wconf 90' lang='lat' dir='ltr'><strong>ut</strong></span> <span class='ocrx_word' id='word_1_251' title='bbox 1783 3443 2021 3515; x_wconf 87' lang='lat' dir='ltr'><strong>praeter</strong></span> <span class='ocrx_word' id='word_1_252' title='bbox 2072 3434 2223 3495; x_wconf 84' lang='lat' dir='ltr'><strong>haec</strong></span> <span class='ocrx_word' id='word_1_253' title='bbox 2256 3433 2374 3496; x_wconf 88' lang='lat' dir='ltr'><strong>alia</strong></span> 
     </span>
     <span class='ocr_line' id='line_1_30' title="bbox 413 3537 2376 3620; baseline -0.001 -22"><span class='ocrx_word' id='word_1_254' title='bbox 413 3538 677 3615; x_wconf 72' lang='lat' dir='ltr'><strong>fuerint,</strong></span> <span class='ocrx_word' id='word_1_255' title='bbox 732 3559 889 3620; x_wconf 87' lang='lat' dir='ltr'><strong>quae</strong></span> <span class='ocrx_word' id='word_1_256' title='bbox 936 3560 1077 3599; x_wconf 79' lang='lat' dir='ltr'><strong>vem</strong></span> <span class='ocrx_word' id='word_1_257' title='bbox 1124 3539 1481 3600; x_wconf 72' lang='lat' dir='ltr'><strong>oeoiderint:</strong></span> <span class='ocrx_word' id='word_1_258' title='bbox 1524 3540 1649 3620; x_wconf 59' lang='lat' dir='ltr'><strong>ipa</strong></span> <span class='ocrx_word' id='word_1_259' title='bbox 1681 3539 1881 3620; x_wconf 83' lang='lat' dir='ltr'><strong>potius</strong></span> <span class='ocrx_word' id='word_1_260' title='bbox 1923 3537 2031 3597; x_wconf 90' lang='lat' dir='ltr'><strong>illa</strong></span> <span class='ocrx_word' id='word_1_261' title='bbox 2067 3537 2376 3617; x_wconf 87' lang='lat' dir='ltr'><strong>praedicta</strong></span> 
     </span>
     <span class='ocr_line' id='line_1_31' title="bbox 416 3639 2375 3719; baseline 0.001 -21"><span class='ocrx_word' id='word_1_262' title='bbox 416 3639 589 3699; x_wconf 84' lang='lat' dir='ltr'><strong>bunc</strong></span> <span class='ocrx_word' id='word_1_263' title='bbox 650 3647 935 3700; x_wconf 79' lang='lat' dir='ltr'><strong>eventum</strong></span> <span class='ocrx_word' id='word_1_264' title='bbox 993 3639 1343 3701; x_wconf 87' lang='lat' dir='ltr'><strong>habuerunt</strong></span> <span class='ocrx_word' id='word_1_265' title='bbox 1358 3685 1378 3716; x_wconf 88' lang='lat'><em>‚</em></span> <span class='ocrx_word' id='word_1_266' title='bbox 1438 3647 1510 3700; x_wconf 88' lang='lat' dir='ltr'><strong>ut</strong></span> <span class='ocrx_word' id='word_1_267' title='bbox 1565 3660 1708 3703; x_wconf 78' lang='lat' dir='ltr'><strong>vera</strong></span> <span class='ocrx_word' id='word_1_268' title='bbox 1750 3639 2109 3702; x_wconf 85' lang='lat' dir='ltr'><strong>ceciderint:</strong></span> <span class='ocrx_word' id='word_1_269' title='bbox 2168 3639 2375 3719; x_wconf 85' lang='lat' dir='ltr'><strong>itaque</strong></span> 
     </span>
     <span class='ocr_line' id='line_1_32' title="bbox 418 3740 1647 3825; baseline 0.003 -24"><span class='ocrx_word' id='word_1_270' title='bbox 418 3740 716 3820; x_wconf 82' lang='lat' dir='ltr'><strong>scripsisse</strong></span> <span class='ocrx_word' id='word_1_271' title='bbox 754 3749 903 3820; x_wconf 91' lang='lat' dir='ltr'><strong>puto</strong></span> <span class='ocrx_word' id='word_1_272' title='bbox 941 3742 1289 3804; x_wconf 88' lang='lat' dir='ltr'><strong>Ciceronem</strong></span> <span class='ocrx_word' id='word_1_273' title='bbox 1314 3745 1647 3825; x_wconf 75' lang='lat' dir='ltr'><strong>praedicta.</strong></span> 
     </span>
    </p>

    <p class='ocr_par' dir='ltr' id='par_1_4' title="bbox 417 3843 2377 4235">
     <span class='ocr_line' id='line_1_33' title="bbox 498 3843 2373 3928; baseline 0.001 -26"><span class='ocrx_word' id='word_1_274' title='bbox 498 3865 686 3924; x_wconf 71' lang='lat' dir='ltr'><strong>nequo</strong></span> <span class='ocrx_word' id='word_1_275' title='bbox 733 3875 816 3891; x_wconf 90' lang='lat'>-</span> <span class='ocrx_word' id='word_1_276' title='bbox 859 3844 930 3903; x_wconf 76' lang='lat' dir='ltr'><strong>id</strong></span> <span class='ocrx_word' id='word_1_277' title='bbox 969 3845 1050 3903; x_wconf 80' lang='lat' dir='ltr'><strong>ad</strong></span> <span class='ocrx_word' id='word_1_278' title='bbox 1084 3845 1192 3906; x_wconf 75' lang='grc' dir='ltr'><strong><em>Ιιοο</em></strong></span> <span class='ocrx_word' id='word_1_279' title='bbox 1243 3858 1467 3928; x_wconf 67' lang='lat' dir='ltr'><strong>ten-pes</strong></span> <span class='ocrx_word' id='word_1_280' title='bbox 1515 3844 1922 3927; x_wconf 69' lang='lat' dir='ltr'><strong>retinuissent)</strong></span> <span class='ocrx_word' id='word_1_281' title='bbox 1998 3843 2253 3906; x_wconf 86' lang='lat' dir='ltr'><strong>Difficile</strong></span> <span class='ocrx_word' id='word_1_282' title='bbox 2286 3854 2373 3906; x_wconf 87' lang='lat' dir='ltr'><strong>est</strong></span> 
     </span>
     <span class='ocr_line' id='line_1_34' title="bbox 418 3947 2376 4030; baseline -0.001 -22"><span class='ocrx_word' id='word_1_283' title='bbox 418 3948 723 4028; x_wconf 82' lang='lat' dir='ltr'><strong>explicare</strong></span> <span class='ocrx_word' id='word_1_284' title='bbox 769 3947 867 4007; x_wconf 78' lang='lat' dir='ltr'><strong>id.-</strong></span> <span class='ocrx_word' id='word_1_285' title='bbox 923 3965 1039 4007; x_wconf 88' lang='lat' dir='ltr'><strong>nec</strong></span> <span class='ocrx_word' id='word_1_286' title='bbox 1085 3967 1230 4008; x_wconf 87' lang='lat' dir='ltr'><strong>sane</strong></span> <span class='ocrx_word' id='word_1_287' title='bbox 1275 3949 1491 4011; x_wconf 75' lang='lat' dir='ltr'><strong>referri</strong></span> <span class='ocrx_word' id='word_1_288' title='bbox 1537 3949 1762 4030; x_wconf 88' lang='lat' dir='ltr'><strong>poterit</strong></span> <span class='ocrx_word' id='word_1_289' title='bbox 1806 3949 1883 4010; x_wconf 82' lang='lat' dir='ltr'><strong>ad</strong></span> <span class='ocrx_word' id='word_1_290' title='bbox 1922 3969 2133 4009; x_wconf 71' lang='lat' dir='ltr'><strong>nom</strong></span> <span class='ocrx_word' id='word_1_291' title='bbox 2164 3948 2376 4008; x_wconf 83' lang='lat' dir='ltr'><strong>Heleni</strong></span> 
     </span>
     <span class='ocr_line' id='line_1_35' title="bbox 418 4049 2376 4132; baseline -0.003 -17"><span class='ocrx_word' id='word_1_292' title='bbox 418 4060 528 4115; x_wconf 85' lang='lat' dir='ltr'><strong>aut</strong></span> <span class='ocrx_word' id='word_1_293' title='bbox 575 4051 989 4132; x_wconf 84' lang='lat' dir='ltr'><strong>reliquorum,</strong></span> <span class='ocrx_word' id='word_1_294' title='bbox 1048 4052 1156 4132; x_wconf 87' lang='lat' dir='ltr'><strong>qui</strong></span> <span class='ocrx_word' id='word_1_295' title='bbox 1218 4053 1434 4115; x_wconf 77' lang='lat' dir='ltr'><strong>Graeci</strong></span> <span class='ocrx_word' id='word_1_296' title='bbox 1487 4052 1766 4131; x_wconf 78' lang='lat' dir='ltr'><strong>fuerant,</strong></span> <span class='ocrx_word' id='word_1_297' title='bbox 1823 4051 1926 4111; x_wconf 80' lang='lat' dir='ltr'><strong>vix</strong></span> <span class='ocrx_word' id='word_1_298' title='bbox 1977 4049 2203 4129; x_wconf 73' lang='lat' dir='ltr'><strong>cogniti</strong></span> <span class='ocrx_word' id='word_1_299' title='bbox 2254 4049 2376 4109; x_wconf 88' lang='lat' dir='ltr'><strong>illis</strong></span> 
     </span>
     <span class='ocr_line' id='line_1_36' title="bbox 417 4152 2377 4235; baseline -0.002 -18"><span class='ocrx_word' id='word_1_300' title='bbox 417 4155 780 4218; x_wconf 54' lang='lat' dir='ltr'><strong>saxonibus.</strong></span> <span class='ocrx_word' id='word_1_301' title='bbox 861 4152 1054 4217; x_wconf 87' lang='lat' dir='ltr'><strong>Credo</strong></span> <span class='ocrx_word' id='word_1_302' title='bbox 1099 4152 1289 4217; x_wconf 87' lang='lat' dir='ltr'><strong>latere</strong></span> <span class='ocrx_word' id='word_1_303' title='bbox 1317 4155 1383 4216; x_wconf 88' lang='lat' dir='ltr'><strong>in</strong></span> <span class='ocrx_word' id='word_1_304' title='bbox 1416 4156 1723 4220; x_wconf 80' lang='lat' dir='ltr'><strong>vocabulis</strong></span> <span class='ocrx_word' id='word_1_305' title='bbox 1765 4153 2180 4235; x_wconf 84' lang='lat' dir='ltr'><strong>superstitibus</strong></span> <span class='ocrx_word' id='word_1_306' title='bbox 2211 4154 2377 4214; x_wconf 74' lang='lat' dir='ltr'><strong>divi-</strong></span> 
     </span>
    </p>
   </div>
  </div>
 </body>
</html>
