3131 5032
783 502 982 545 xxxiv

782 710 817 748 »
834 689 902 749 ei
935 695 1270 749 teneretur
1283 731 1300 761 ‚
1346 681 1621 746 deorum
1650 682 1954 769 profecto
1982 686 2200 747 vitam
2232 682 2529 748 homines
2563 688 2737 751 vive-

779 801 1049 863 »rent.”
1156 792 1265 860 nis
1307 815 1430 884 ego
1475 792 1896 861 commodum
1944 791 2159 861 locum
2206 793 2505 885 assignari
2552 819 2734 887 poene

775 921 939 999 puto
970 910 1039 989 Ι,
1081 912 1160 973 12
1180 957 1198 988 ,
1231 912 1352 986 33,
1387 918 1536 995 post
1574 905 1765 973 verba
1797 909 1909 970 im
1941 908 2175 996 igitur
2197 905 2437 973 datum
2467 921 2566 973 eet
2597 934 2740 976 om·

770 1023 990 1088 nihm,
1066 1023 1285 1110 Neque
1314 1033 1531 1087 tamen
1557 1017 1773 1085 locum
1796 1016 2124 1108 integrum
2151 1017 2406 1087 recitari
2426 1021 2729 1110 anspicor.

772 1131 956 1198 Sicut
1002 1130 1175 1197 enim
1227 1149 1404 1195 nunc
1438 1126 1681 1218 legitur
1700 1178 1719 1208 ,
1755 1127 2186 1196 confla-untur
2220 1131 2460 1197 mundi
2495 1145 2736 1218 partu

771 1248 950 1309 inter
974 1267 1045 1307 ee
1070 1253 1501 1331 congruentes
1528 1260 1680 1307 cum
1711 1237 2082 1307 hominibus
2123 1246 2246 1328 qui
2277 1241 2690 1310 dissentiunt
2707 1275 2732 1313 .-

771 1368 1019 1435 contra‚
1039 1351 1271 1420 absolvi
1293 1350 1840 1441 comparationem
1863 1352 2209 1440 oportebat
2230 1353 2438 1421 verbis
2462 1360 2566 1421 eie
2593 1381 2732 1423 om-

771 1491 883 1532 me
932 1467 1229 1530 homines
1278 1468 1459 1529 inter
1500 1488 1571 1527 ee
1617 1477 1875 1528 natura
1922 1465 2193 1553 eonfiat
2240 1481 2443 1533 nme.-
2497 1468 2736 1559 quibus

770 1578 1113 1648 commode
1161 1577 1319 1644 haec
1367 1573 1838 1643 subiicerentur
1857 1625 1874 1655 ,
1939 1576 2057 1642 ced
2090 1582 2440 1664 pravitate
2480 1580 2730 1647 diesen-

771 1696 956 1758 tiunt
975 1743 993 1772 ‚
1039 1713 1154 1755 nee
1185 1727 1296 1758 —.

861 1803 1056 1871 Aliud
1108 1800 1476 1870 Lactantius
1530 1798 1693 1870 ibid.
1743 1804 1807 1881 Ι,
1876 1803 1998 1883 20,
2046 1800 2488 1893 fragmentum
2534 1803 2735 1873 habet

768 1916 892 1983 hoc
912 1941 928 1979 :
968 1939 1002 1978 »
1018 1915 1356 2003 Magnum
1381 1914 1606 1978 Cicero
1624 1912 1974 1999 audaxque
1992 1916 2355 1983 consilium
2372 1921 2733 2004 meepieee

775 2027 1175 2093 »Graeciam
1226 2025 1434 2105 dicit,
1488 2024 1666 2110 quod
1708 2025 2114 2111 Cupidinum
2160 2040 2223 2091 et
2258 2028 2590 2094 Amorum
2632 2034 2732 2096 n·-

770 2139 1133 2205 »Μυῖα-να
1165 2141 1240 2201 in
1266 2139 1659 2225 gymnasiis
1688 2144 2188 2204 consecrasset?
2251 2138 2498 2220 Quibus
2523 2162 2729 2229 quum

768 2248 986 2340 paullo
1019 2260 1164 2338 post
1192 2246 1431 2314 addat:
1468 2249 1628 2313 huic
1657 2253 2020 2315 sententiae
2050 2250 2323 2330 adiecit,
2360 2275 2396 2315 »
2416 2252 2490 2320 V
2487 2257 2732 2319 irtuteae

771 2386 806 2427 ›>
823 2375 1150 2449 oportere,
1195 2383 1331 2424 mm
1360 2363 1537 2425 vitia
1569 2364 2019 2442 cmuecrari,”
2066 2361 2472 2431 manifestum
2508 2378 2605 2431 αἱ
2635 2363 2733 2433 lo·

764 2495 914 2542 cum
946 2470 1270 2563 pertinere
1300 2470 1386 2539 ad
1418 2474 1515 2554 11,
1560 2477 1638 2538 11
1661 2524 1678 2554 ‚
1725 2477 1845 2555 28,
1882 2486 1949 2542 et
1980 2495 2375 2565 quamquam
2407 2476 2727 2545 sententia

764 2585 980 2674 potius
1010 2607 1209 2673 quam
1241 2584 1373 2675 ipsa
1407 2585 1599 2652 verba
1633 2585 2101 2654 accuratissime
2137 2587 2360 2655 referri
2392 2588 2724 2670 videntur,

769 2710 986 2763 tamen
1035 2696 1193 2762 haec
1245 2695 1458 2764 locum
1508 2696 1747 2764 babere
1794 2712 2152 2787 potuerunt
2188 2714 2345 2767 ante
2375 2699 2483 2768 illa
2501 2752 2518 2780 ,
2563 2724 2728 2767 nam

764 2809 952 2874 illud
994 2813 1317 2875 vitiosum
1368 2810 1697 2890 Athenis,-
1744 2823 1824 2877 ut
1864 2809 1989 2875 iam
2035 2810 2501 2880 discedendum
2531 2812 2615 2881 sit
2644 2814 2727 2881 ab

762 2921 838 2989 iis
870 2944 1037 3012 quae
1068 2921 1285 3012 scripsi
1319 2921 1390 2989 in
1421 2922 1862 2991 Annotatione
1892 2945 1959 3012 p.
1997 2927 2152 2993 517.
2241 2924 2371 2991 Sed
2399 2947 2534 2994 non
2563 2939 2726 3016 puto

761 3035 1171 3121 Cupidinum
1237 3047 1306 3102 et
1370 3035 1706 3101 Amorum
1770 3033 2085 3102 Ciceronis
2153 3056 2319 3117 esse,
2382 3036 2725 3127 potiusque

762 3145 1000 3236 requiri
1048 3146 1406 3232 Cupidinis
1462 3159 1524 3211 et
1575 3147 1898 3213 Amoris.-
1959 3146 2205 3236 plurale
2256 3147 2427 3215 enim
2477 3147 2608 3239 ipsa
2641 3149 2723 3217 si-

760 3257 1043 3324 mulacra
1091 3256 1427 3326 indicaret.
1519 3258 1768 3327 Amoris
1812 3282 1918 3326 ara
1958 3271 2134 3326 certe
2174 3274 2314 3327 erat
2351 3261 2422 3329 in
2450 3259 2722 3331 introitu

763 3367 1180 3437 Academiae:
1243 3372 1510 3439 Pausan.
1555 3373 1623 3450 1,
1673 3376 1761 3438 30
1807 3369 1988 3440 init.:
2034 3370 2171 3438 aliis
2211 3371 2281 3439 in
2318 3372 2472 3443 locis
2500 3381 2725 3441 Πόθον

760 3482 1018 3573 signum
1062 3497 1626 3551 commemoratur.

850 3593 1136 3661 Tertium
1170 3595 1610 3686 fragmentum
1638 3595 1820 3684 quod
1847 3593 2117 3662 recitare
2140 3595 2433 3665 creditur
2451 3599 2721 3664 Lactan-

765 3707 922 3787 tius,
960 3721 1055 3774 est
1082 3706 1387 3787 ibid.111‚
1415 3712 1525 3788 19,
1546 3707 1687 3774 init.
1739 3710 1962 3797 Quam
1992 3714 2393 3775 senitentiam
2427 3709 2717 3799 (nempe,

764 3819 924 3886 nihil
974 3817 1125 3885 mali
1172 3818 1240 3884 in
1291 3832 1501 3887 morte
1549 3842 1681 3886 esse
1728 3819 1778 3886 si
1826 3841 2081 3888 sensum
2125 3821 2413 3903 auferat,
2468 3821 2718 3891 bonum

763 3929 953 3997 etiam
1007 3952 1170 4011 esse,
1233 3929 1282 3996 si
1334 3945 1591 3998 maneat
1636 3931 1875 4021 sensus)
1923 3935 2147 3999 Cicero
2193 3934 2271 3999 de
2302 3935 2596 4024 Legihm
2620 3937 2721 3999 cio

766 4045 1126 4130 explicavit
1145 4072 1169 4108 .·
1236 4046 1842 4134 »gratulemurque
1896 4048 2118 4126 nobie,
2179 4053 2496 4134 quoniam
2542 4071 2721 4112 more

769 4169 938 4222 »emt
972 4157 1309 4222 meliorem
1332 4209 1347 4234 ‚
1396 4181 1601 4245 quam
1636 4161 1758 4245 qui
1789 4171 1882 4223 eet
1909 4162 1988 4223 in
2019 4163 2203 4240 vita,
2240 4175 2360 4226 aut
2394 4174 2564 4227 corte
2592 4183 2719 4225 mm
