3131 5032
920 1413 1799 1514 PROLEGOMENA.

1215 1821 1535 1850 -ΦΟΦ-

516 2121 708 2244 Quia
755 2142 825 2209 in
859 2142 999 2209 hac
1050 2139 1335 2209 editione
1382 2141 1588 2232 operis
1635 2144 1905 2214 Tulliani
1951 2149 2042 2215 ne
2080 2153 2345 2243 Legibus

384 2257 644 2324 efficere
684 2252 1081 2333 studuerim,
1127 2252 1343 2342 paucis
1383 2253 1453 2320 in
1494 2255 1634 2344 ipso
1677 2257 1994 2349 principio
2026 2264 2345 2353 explican-

380 2369 547 2435 dum
583 2366 842 2433 videtur
880 2377 1066 2431 tanto
1110 2362 1348 2452 mag-is,
1395 2364 1576 2453 quod
1619 2364 1758 2432 {bre
1789 2367 2067 2459 suspicor
2095 2373 2208 2462 qui
2245 2376 2345 2441 vel

383 2478 652 2548 omnino
701 2476 923 2568 plura,
979 2473 1079 2542 vel
1125 2496 1162 2540 a
1200 2494 1307 2540 me
1344 2485 1521 2540 certe
1564 2474 1870 2564 postulari
1905 2500 2084 2568 posse
2129 2482 2345 2552 existi-

381 2606 587 2660 ment.
677 2590 883 2660 Video
927 2586 1102 2655 enim
1142 2585 1310 2653 hanc
1354 2585 1868 2655 doctissimorum
1898 2591 2180 2660 virorum
2215 2618 2346 2663 ense

380 2701 765 2770 sententiam
779 2752 797 2780 ,
828 2721 962 2767 non
987 2697 1175 2765 facile
1198 2697 1348 2764 huic
1373 2698 1743 2765 recensendi
1769 2702 1996 2770 veteris
2021 2705 2342 2795 scriptoris

378 2813 600 2882 officio
650 2809 933 2878 satisfieri
979 2809 1178 2877 hodie
1225 2831 1440 2898 posse,
1503 2809 1624 2875 nisi
1678 2809 1763 2878 ab
1806 2834 1912 2893 eo,
1970 2814 2085 2903 qui
2125 2818 2340 2885 omnia

376 2923 695 3015 praoeidia
744 2921 878 2988 eius
936 2919 1215 3010 negotii,
1277 2918 1402 2984 sive
1450 2917 1760 2984 Codicum
1804 2920 2124 2988 MStorum
2147 2973 2165 3002 ,
2225 2926 2348 2992 sive

376 3047 778 3103 vetustarum
812 3032 1169 3100 editionum
1191 3083 1208 3111 ,
1254 3027 1622 3108 excusserit,
1670 3029 1889 3120 itaque
1921 3054 2053 3100 non
2086 3046 2344 3102 tantum

377 3167 643 3214 omnem
684 3143 853 3211 illam
897 3142 1155 3210 turbam
1200 3141 1515 3209 variarum
1567 3140 1917 3209 lectionum
1967 3143 2037 3209 in
2079 3162 2340 3234 promtu

375 3273 445 3325 et
511 3268 907 3347 praesentem
965 3254 1235 3334 habeat,
1297 3253 1409 3319 sed
1469 3273 1690 3318 earum
1751 3252 1944 3319 etiam
2008 3254 2220 3324 fontes
2268 3273 2336 3326 et

372 3366 903 3460 propagationem
939 3379 1009 3432 et
1038 3363 1234 3432 veluti
1262 3362 1592 3431 historiam
1623 3361 1908 3430 indicare
1938 3387 2013 3432 ac
2044 3371 2336 3460 persequi

374 3479 594 3570 possit.
688 3480 770 3544 Et
807 3475 1129 3544 habebam
1161 3497 1339 3555 sane,
1387 3495 1473 3572 ne
1508 3473 1594 3540 de
1626 3473 1897 3541 aliorum
1929 3473 1998 3540 in
2030 3477 2164 3544 aliis
2192 3480 2343 3546 scri-

373 3590 674 3681 ptoribus
744 3588 949 3678 posita
1020 3608 1210 3677 opera
1280 3585 1493 3653 dicam
1512 3636 1529 3667 ,
1611 3584 1922 3652 Ciceronis
1985 3589 2342 3677 expoliendi

378 3701 789 3791 ornandique
826 3698 1348 3790 praeclarissimos
1388 3710 1680 3765 auctores
1715 3697 1849 3765 duo
1866 3749 1884 3778 ‚
1931 3720 2093 3788 quos
2123 3700 2344 3770 intue-

378 3836 518 3894 rer,
582 3811 959 3902 Zumptium
1006 3825 1075 3878 et
1124 3809 1545 3900 Madvigium3
1606 3830 1882 3898 quorum
1928 3811 2071 3900 quis
2102 3834 2238 3881 non
2274 3829 2343 3882 et

378 3924 698 3994 rationem
748 3923 974 3990 laudet
992 3975 1010 4004 ‚
1075 3936 1142 3989 et
1192 3921 1550 3988 admiretur
1597 3918 1977 3986 industriam
2000 3972 2016 4001 ,
2065 3935 2133 3990 et
2173 3924 2343 3992 dele-

374 4052 591 4106 ctetur
618 4035 943 4104 sollertia?
1005 4038 1173 4119 Quas
1205 4057 1325 4125 ego
1355 4032 1581 4100 lauden
1610 4030 1680 4097 in
1713 4030 1848 4099 aliis
1875 4045 2061 4102 tanto
2085 4034 2345 4104 effusius

368 4150 748 4242 praedicare
775 4148 973 4228 solen,
1005 4160 1257 4237 quanto
1290 4144 1580 4235 longiore
1602 4143 1934 4214 intervallo
1966 4168 2072 4214 me
2097 4171 2134 4214 a
2166 4161 2341 4216 tanta
