<?xml version="1.0" encoding="UTF-8"?>
<!DOCTYPE html PUBLIC "-//W3C//DTD XHTML 1.0 Transitional//EN"
    "http://www.w3.org/TR/xhtml1/DTD/xhtml1-transitional.dtd">
<html xmlns="http://www.w3.org/1999/xhtml" xml:lang="en" lang="en">
 <head>
  <title>
</title>
<meta http-equiv="Content-Type" content="text/html;charset=utf-8" />
  <meta name='ocr-system' content='tesseract 3.04.00' />
  <meta name='ocr-capabilities' content='ocr_page ocr_carea ocr_par ocr_line ocrx_word'/>
</head>
<body>
  <div class='ocr_page' id='page_1' title='image "./mtulliiciceroni02bakegoog_0386.png"; bbox 0 0 3131 5032; ppageno 0'>
   <div class='ocr_carea' id='block_1_1' title="bbox 1208 439 2462 525">
    <p class='ocr_par' dir='ltr' id='par_1_1' title="bbox 1208 439 2462 525">
     <span class='ocr_line' id='line_1_1' title="bbox 1208 439 2462 525; baseline 0.003 -19"><span class='ocrx_word' id='word_1_1' title='bbox 1208 439 1349 506; x_wconf 80' lang='lat' dir='ltr'>Lm.</span> <span class='ocrx_word' id='word_1_2' title='bbox 1398 441 1463 525; x_wconf 91' lang='lat'>1,</span> <span class='ocrx_word' id='word_1_3' title='bbox 1509 444 1598 524; x_wconf 82' lang='lat'>5,</span> <span class='ocrx_word' id='word_1_4' title='bbox 1652 445 1756 507; x_wconf 88' lang='lat'>17.</span> <span class='ocrx_word' id='word_1_5' title='bbox 2332 446 2462 511; x_wconf 79' lang='lat'>319</span> 
     </span>
    </p>
   </div>
   <div class='ocr_carea' id='block_1_2' title="bbox 495 646 2490 4241">
    <p class='ocr_par' dir='ltr' id='par_1_2' title="bbox 503 646 2475 1536">
     <span class='ocr_line' id='line_1_2' title="bbox 506 646 2467 727; baseline 0 -17"><span class='ocrx_word' id='word_1_6' title='bbox 506 646 829 710; x_wconf 78' lang='lat' dir='ltr'>iudicatur.</span> <span class='ocrx_word' id='word_1_7' title='bbox 911 646 1259 711; x_wconf 68' lang='lat' dir='ltr'>Auctoritas</span> <span class='ocrx_word' id='word_1_8' title='bbox 1306 655 1368 706; x_wconf 86' lang='lat' dir='ltr'>et</span> <span class='ocrx_word' id='word_1_9' title='bbox 1411 649 1669 707; x_wconf 75' lang='lat' dir='ltr'>scicntia</span> <span class='ocrx_word' id='word_1_10' title='bbox 1698 647 1925 727; x_wconf 78' lang='lat' dir='ltr'>puriter</span> <span class='ocrx_word' id='word_1_11' title='bbox 1959 650 2028 708; x_wconf 86' lang='lat' dir='ltr'>in</span> <span class='ocrx_word' id='word_1_12' title='bbox 2060 649 2467 710; x_wconf 86' lang='lat' dir='ltr'>iurisconsulti</span> 
     </span>
     <span class='ocr_line' id='line_1_3' title="bbox 508 750 2467 829; baseline -0.001 -15"><span class='ocrx_word' id='word_1_13' title='bbox 508 751 789 814; x_wconf 74' lang='lat' dir='ltr'>laudibus</span> <span class='ocrx_word' id='word_1_14' title='bbox 840 750 1298 829; x_wconf 76' lang='lat' dir='ltr'>coniunguntur</span> <span class='ocrx_word' id='word_1_15' title='bbox 1346 750 1583 811; x_wconf 78' lang='lat' dir='ltr'>Caecin.</span> <span class='ocrx_word' id='word_1_16' title='bbox 1616 750 1731 826; x_wconf 87' lang='lat'>27,</span> <span class='ocrx_word' id='word_1_17' title='bbox 1771 751 1869 812; x_wconf 88' lang='grc'>78.</span> <span class='ocrx_word' id='word_1_18' title='bbox 1955 753 2129 826; x_wconf 86' lang='lat' dir='ltr'>Quod</span> <span class='ocrx_word' id='word_1_19' title='bbox 2162 761 2365 816; x_wconf 78' lang='lat' dir='ltr'>autem</span> <span class='ocrx_word' id='word_1_20' title='bbox 2402 755 2467 813; x_wconf 87' lang='lat' dir='ltr'>in</span> 
     </span>
     <span class='ocr_line' id='line_1_4' title="bbox 503 852 2466 936; baseline 0.001 -20"><span class='ocrx_word' id='word_1_21' title='bbox 503 856 710 935; x_wconf 72' lang='lat' dir='ltr'>paucis</span> <span class='ocrx_word' id='word_1_22' title='bbox 761 854 932 915; x_wconf 85' lang='lat' dir='ltr'>libris</span> <span class='ocrx_word' id='word_1_23' title='bbox 983 852 1230 916; x_wconf 77' lang='lat' dir='ltr'><strong>additur</strong></span> <span class='ocrx_word' id='word_1_24' title='bbox 1280 854 1409 913; x_wconf 76' lang='lat' dir='ltr'>viro</span> <span class='ocrx_word' id='word_1_25' title='bbox 1453 862 1584 933; x_wconf 88' lang='lat' dir='ltr'>post</span> <span class='ocrx_word' id='word_1_26' title='bbox 1622 857 1969 915; x_wconf 73' lang='lat' dir='ltr'>auctoritate</span> <span class='ocrx_word' id='word_1_27' title='bbox 1989 902 2006 932; x_wconf 90' lang='lat'><em>,</em></span> <span class='ocrx_word' id='word_1_28' title='bbox 2048 857 2254 936; x_wconf 81' lang='lat' dir='ltr'>inepta</span> <span class='ocrx_word' id='word_1_29' title='bbox 2285 858 2466 918; x_wconf 84' lang='lat' dir='ltr'>inter-</span> 
     </span>
     <span class='ocr_line' id='line_1_5' title="bbox 505 957 2471 1042; baseline 0.002 -24"><span class='ocrx_word' id='word_1_30' title='bbox 505 959 728 1039; x_wconf 81' lang='lat' dir='ltr'>polatio</span> <span class='ocrx_word' id='word_1_31' title='bbox 755 965 866 1018; x_wconf 86' lang='lat' dir='ltr'>est:</span> <span class='ocrx_word' id='word_1_32' title='bbox 893 957 1193 1037; x_wconf 80' lang='lat' dir='ltr'>siquidem</span> <span class='ocrx_word' id='word_1_33' title='bbox 1222 977 1423 1037; x_wconf 88' lang='lat' dir='ltr'>neque</span> <span class='ocrx_word' id='word_1_34' title='bbox 1451 959 1788 1020; x_wconf 71' lang='lat' dir='ltr'>istiusmodi</span> <span class='ocrx_word' id='word_1_35' title='bbox 1816 960 2064 1020; x_wconf 80' lang='lat' dir='ltr'>ablativi</span> <span class='ocrx_word' id='word_1_36' title='bbox 2095 958 2471 1042; x_wconf 73' lang='lat' dir='ltr'>(auctoritate</span> 
     </span>
     <span class='ocr_line' id='line_1_6' title="bbox 504 1055 2469 1142; baseline 0 -20"><span class='ocrx_word' id='word_1_37' title='bbox 504 1076 564 1124; x_wconf 77' lang='lat' dir='ltr'>ct</span> <span class='ocrx_word' id='word_1_38' title='bbox 610 1060 889 1142; x_wconf 74' lang='lat' dir='ltr'>scientia)</span> <span class='ocrx_word' id='word_1_39' title='bbox 941 1063 1006 1122; x_wconf 91' lang='lat' dir='ltr'>in</span> <span class='ocrx_word' id='word_1_40' title='bbox 1058 1061 1308 1126; x_wconf 84' lang='lat' dir='ltr'>consilio</span> <span class='ocrx_word' id='word_1_41' title='bbox 1343 1055 1727 1123; x_wconf 80' lang='lat' dir='ltr'>describendi</span> <span class='ocrx_word' id='word_1_42' title='bbox 1762 1063 2055 1140; x_wconf 75' lang='lat' dir='ltr'>subiecti,</span> <span class='ocrx_word' id='word_1_43' title='bbox 2099 1063 2242 1123; x_wconf 83' lang='lat' dir='ltr'>addi</span> <span class='ocrx_word' id='word_1_44' title='bbox 2276 1066 2469 1125; x_wconf 79' lang='lat' dir='ltr'><strong>solent</strong></span> 
     </span>
     <span class='ocr_line' id='line_1_7' title="bbox 506 1164 2470 1247; baseline 0.001 -22"><span class='ocrx_word' id='word_1_45' title='bbox 506 1164 628 1225; x_wconf 87' lang='lat' dir='ltr'>nisi</span> <span class='ocrx_word' id='word_1_46' title='bbox 678 1165 845 1225; x_wconf 90' lang='lat' dir='ltr'>nudo</span> <span class='ocrx_word' id='word_1_47' title='bbox 894 1165 1127 1224; x_wconf 90' lang='lat' dir='ltr'>nomini</span> <span class='ocrx_word' id='word_1_48' title='bbox 1190 1164 1339 1240; x_wconf 79' lang='lat' dir='ltr'>viri,</span> <span class='ocrx_word' id='word_1_49' title='bbox 1397 1165 1547 1247; x_wconf 88' lang='lat' dir='ltr'>(nou</span> <span class='ocrx_word' id='word_1_50' title='bbox 1606 1165 1843 1227; x_wconf 84' lang='lat' dir='ltr'>adiecto</span> <span class='ocrx_word' id='word_1_51' title='bbox 1893 1187 2012 1227; x_wconf 78' lang='lat' dir='ltr'>uno</span> <span class='ocrx_word' id='word_1_52' title='bbox 2031 1212 2050 1242; x_wconf 92' lang='lat'><em>,</em></span> <span class='ocrx_word' id='word_1_53' title='bbox 2107 1168 2217 1246; x_wconf 90' lang='lat' dir='ltr'>qui</span> <span class='ocrx_word' id='word_1_54' title='bbox 2269 1169 2470 1227; x_wconf 75' lang='lat' dir='ltr'>multis</span> 
     </span>
     <span class='ocr_line' id='line_1_8' title="bbox 505 1263 2469 1349; baseline 0.002 -21"><span class='ocrx_word' id='word_1_55' title='bbox 505 1276 842 1348; x_wconf 83' lang='lat' dir='ltr'>opponatur</span> <span class='ocrx_word' id='word_1_56' title='bbox 858 1263 902 1347; x_wconf 88' lang='lat'>‚)</span> <span class='ocrx_word' id='word_1_57' title='bbox 958 1287 1162 1347; x_wconf 87' lang='lat' dir='ltr'>neque</span> <span class='ocrx_word' id='word_1_58' title='bbox 1209 1288 1375 1328; x_wconf 87' lang='lat' dir='ltr'>nunc</span> <span class='ocrx_word' id='word_1_59' title='bbox 1428 1268 1720 1347; x_wconf 75' lang='lat' dir='ltr'><strong>agebatur</strong></span> <span class='ocrx_word' id='word_1_60' title='bbox 1772 1269 1968 1349; x_wconf 75' lang='lat' dir='ltr'>qualis</span> <span class='ocrx_word' id='word_1_61' title='bbox 2016 1270 2112 1330; x_wconf 79' lang='lat' dir='ltr'>vir</span> <span class='ocrx_word' id='word_1_62' title='bbox 2143 1279 2294 1330; x_wconf 83' lang='lat' dir='ltr'>esset</span> <span class='ocrx_word' id='word_1_63' title='bbox 2328 1271 2435 1332; x_wconf 88' lang='lat' dir='ltr'>ille</span> <span class='ocrx_word' id='word_1_64' title='bbox 2453 1321 2469 1347; x_wconf 91' lang='lat'>‚</span> 
     </span>
     <span class='ocr_line' id='line_1_9' title="bbox 503 1371 2475 1450; baseline 0.001 -18"><span class='ocrx_word' id='word_1_65' title='bbox 503 1371 610 1432; x_wconf 81' lang='lat' dir='ltr'>sed</span> <span class='ocrx_word' id='word_1_66' title='bbox 644 1372 866 1450; x_wconf 78' lang='lat' dir='ltr'>quibus</span> <span class='ocrx_word' id='word_1_67' title='bbox 899 1371 1335 1450; x_wconf 71' lang='lat' dir='ltr'>praestantibus</span> <span class='ocrx_word' id='word_1_68' title='bbox 1377 1371 1619 1436; x_wconf 82' lang='lat' dir='ltr'>dotibus</span> <span class='ocrx_word' id='word_1_69' title='bbox 1652 1373 1812 1436; x_wconf 90' lang='lat' dir='ltr'>illud</span> <span class='ocrx_word' id='word_1_70' title='bbox 1842 1394 2068 1438; x_wconf 87' lang='lat' dir='ltr'>munus</span> <span class='ocrx_word' id='word_1_71' title='bbox 2096 1373 2246 1436; x_wconf 84' lang='lat' dir='ltr'>iuris</span> <span class='ocrx_word' id='word_1_72' title='bbox 2277 1374 2475 1435; x_wconf 79' lang='lat' dir='ltr'>civilis</span> 
     </span>
     <span class='ocr_line' id='line_1_10' title="bbox 506 1475 919 1536; baseline -0.005 0"><span class='ocrx_word' id='word_1_73' title='bbox 506 1475 919 1536; x_wconf 73' lang='lat' dir='ltr'>sustineretur.</span> 
     </span>
    </p>

    <p class='ocr_par' dir='ltr' id='par_1_3' title="bbox 495 1577 2490 4241">
     <span class='ocr_line' id='line_1_11' title="bbox 589 1577 2473 1658; baseline 0.002 -20"><span class='ocrx_word' id='word_1_74' title='bbox 589 1577 1013 1658; x_wconf 71' lang='lat' dir='ltr'>complectenda</span> <span class='ocrx_word' id='word_1_75' title='bbox 1045 1578 1116 1636; x_wconf 72' lang='lat' dir='ltr'>in</span> <span class='ocrx_word' id='word_1_76' title='bbox 1141 1577 1255 1639; x_wconf 75' lang='lat' dir='ltr'>hac</span> <span class='ocrx_word' id='word_1_77' title='bbox 1285 1578 1686 1658; x_wconf 74' lang='lat' dir='ltr'>disputatione</span> <span class='ocrx_word' id='word_1_78' title='bbox 1716 1590 1839 1639; x_wconf 75' lang='lat' dir='ltr'>tota</span> <span class='ocrx_word' id='word_1_79' title='bbox 1875 1601 2057 1641; x_wconf 75' lang='lat' dir='ltr'>causa</span> <span class='ocrx_word' id='word_1_80' title='bbox 2089 1592 2175 1640; x_wconf 78' lang='lat' dir='ltr'>est</span> <span class='ocrx_word' id='word_1_81' title='bbox 2205 1582 2473 1641; x_wconf 74' lang='lat' dir='ltr'>universi</span> 
     </span>
     <span class='ocr_line' id='line_1_12' title="bbox 508 1677 2472 1763; baseline 0.002 -22"><span class='ocrx_word' id='word_1_82' title='bbox 508 1681 666 1742; x_wconf 68' lang='lat' dir='ltr'>iuris</span> <span class='ocrx_word' id='word_1_83' title='bbox 695 1702 768 1743; x_wconf 79' lang='lat' dir='ltr'>oc</span> <span class='ocrx_word' id='word_1_84' title='bbox 794 1677 1014 1763; x_wconf 77' lang='lat' dir='ltr'>legum)</span> <span class='ocrx_word' id='word_1_85' title='bbox 1062 1681 1115 1741; x_wconf 85' lang='lat' dir='ltr'>N</span> <span class='ocrx_word' id='word_1_86' title='bbox 1117 1701 1198 1742; x_wconf 89' lang='lat' dir='ltr'>on</span> <span class='ocrx_word' id='word_1_87' title='bbox 1225 1681 1587 1760; x_wconf 78' lang='lat' dir='ltr'>attingerem</span> <span class='ocrx_word' id='word_1_88' title='bbox 1608 1682 1759 1743; x_wconf 82' lang='lat' dir='ltr'>haec</span> <span class='ocrx_word' id='word_1_89' title='bbox 1770 1728 1790 1758; x_wconf 92' lang='lat'>‚</span> <span class='ocrx_word' id='word_1_90' title='bbox 1808 1683 1925 1746; x_wconf 87' lang='lat' dir='ltr'>nisi</span> <span class='ocrx_word' id='word_1_91' title='bbox 1942 1683 2153 1743; x_wconf 82' lang='lat' dir='ltr'>salsam</span> <span class='ocrx_word' id='word_1_92' title='bbox 2171 1685 2472 1763; x_wconf 84' lang='lat' dir='ltr'>interpre-</span> 
     </span>
     <span class='ocr_line' id='line_1_13' title="bbox 510 1782 2473 1868; baseline 0.001 -23"><span class='ocrx_word' id='word_1_93' title='bbox 510 1784 796 1845; x_wconf 78' lang='lat' dir='ltr'>tationem</span> <span class='ocrx_word' id='word_1_94' title='bbox 813 1784 1267 1863; x_wconf 81' lang='lat' dir='ltr'>Wyttenbachii</span> <span class='ocrx_word' id='word_1_95' title='bbox 1284 1782 1384 1866; x_wconf 81' lang='lat' dir='ltr'>(ex</span> <span class='ocrx_word' id='word_1_96' title='bbox 1400 1785 1589 1845; x_wconf 85' lang='lat' dir='ltr'>huius</span> <span class='ocrx_word' id='word_1_97' title='bbox 1602 1784 1840 1846; x_wconf 84' lang='lat' dir='ltr'>dictatis</span> <span class='ocrx_word' id='word_1_98' title='bbox 1865 1788 2032 1848; x_wconf 89' lang='lat' dir='ltr'>enim</span> <span class='ocrx_word' id='word_1_99' title='bbox 2047 1786 2346 1867; x_wconf 80' lang='lat' dir='ltr'>descripta</span> <span class='ocrx_word' id='word_1_100' title='bbox 2360 1784 2473 1868; x_wconf 85' lang='lat' dir='ltr'>est)</span> 
     </span>
     <span class='ocr_line' id='line_1_14' title="bbox 504 1887 2472 1969; baseline 0.001 -20"><span class='ocrx_word' id='word_1_101' title='bbox 504 1887 727 1969; x_wconf 76' lang='lat' dir='ltr'>apponi</span> <span class='ocrx_word' id='word_1_102' title='bbox 761 1888 1034 1949; x_wconf 80' lang='lat' dir='ltr'>viderem</span> <span class='ocrx_word' id='word_1_103' title='bbox 1067 1909 1105 1948; x_wconf 84' lang='lat' dir='ltr'><strong>a</strong></span> <span class='ocrx_word' id='word_1_104' title='bbox 1133 1888 1388 1964; x_wconf 70' lang='lat' dir='ltr'>mosem,</span> <span class='ocrx_word' id='word_1_105' title='bbox 1428 1888 1603 1968; x_wconf 80' lang='lat' dir='ltr'>quasi</span> <span class='ocrx_word' id='word_1_106' title='bbox 1655 1909 1839 1949; x_wconf 77' lang='lat' dir='ltr'>causa</span> <span class='ocrx_word' id='word_1_107' title='bbox 1890 1897 2041 1950; x_wconf 80' lang='lat' dir='ltr'>esset</span> <span class='ocrx_word' id='word_1_108' title='bbox 2077 1891 2328 1950; x_wconf 82' lang='lat' dir='ltr'>interior</span> <span class='ocrx_word' id='word_1_109' title='bbox 2359 1911 2472 1952; x_wconf 84' lang='lat' dir='ltr'>na-</span> 
     </span>
     <span class='ocr_line' id='line_1_15' title="bbox 505 1991 2473 2072; baseline 0.002 -19"><span class='ocrx_word' id='word_1_110' title='bbox 505 2000 645 2054; x_wconf 78' lang='lat' dir='ltr'>tura</span> <span class='ocrx_word' id='word_1_111' title='bbox 673 1999 736 2054; x_wconf 83' lang='lat' dir='ltr'>et</span> <span class='ocrx_word' id='word_1_112' title='bbox 766 1992 941 2054; x_wconf 80' lang='lat' dir='ltr'>ratio.</span> <span class='ocrx_word' id='word_1_113' title='bbox 1024 1991 1273 2068; x_wconf 82' lang='lat' dir='ltr'>Contra,</span> <span class='ocrx_word' id='word_1_114' title='bbox 1310 2013 1553 2052; x_wconf 70' lang='lat' dir='ltr'>caucam</span> <span class='ocrx_word' id='word_1_115' title='bbox 1582 1993 1890 2072; x_wconf 76' lang='lat' dir='ltr'>complecti</span> <span class='ocrx_word' id='word_1_116' title='bbox 1919 1995 2188 2054; x_wconf 68' lang='lat' dir='ltr'>universi</span> <span class='ocrx_word' id='word_1_117' title='bbox 2215 1996 2372 2055; x_wconf 81' lang='lat' dir='ltr'>iuris</span> <span class='ocrx_word' id='word_1_118' title='bbox 2399 2016 2473 2056; x_wconf 83' lang='lat' dir='ltr'>ac</span> 
     </span>
     <span class='ocr_line' id='line_1_16' title="bbox 504 2094 2472 2176; baseline 0.001 -20"><span class='ocrx_word' id='word_1_119' title='bbox 504 2094 697 2176; x_wconf 76' lang='lat' dir='ltr'>logum</span> <span class='ocrx_word' id='word_1_120' title='bbox 715 2141 734 2171; x_wconf 86' lang='lat'><em>,</em></span> <span class='ocrx_word' id='word_1_121' title='bbox 789 2103 878 2156; x_wconf 83' lang='lat' dir='ltr'>est</span> <span class='ocrx_word' id='word_1_122' title='bbox 922 2094 1250 2156; x_wconf 78' lang='lat' dir='ltr'>defendere</span> <span class='ocrx_word' id='word_1_123' title='bbox 1267 2140 1287 2171; x_wconf 89' lang='lat'><strong><em>,</em></strong></span> <span class='ocrx_word' id='word_1_124' title='bbox 1328 2095 1624 2155; x_wconf 88' lang='lat' dir='ltr'>sustinere</span> <span class='ocrx_word' id='word_1_125' title='bbox 1661 2096 1755 2155; x_wconf 84' lang='lat' dir='ltr'>ius</span> <span class='ocrx_word' id='word_1_126' title='bbox 1786 2094 1957 2174; x_wconf 92' lang='lat' dir='ltr'>quod</span> <span class='ocrx_word' id='word_1_127' title='bbox 1989 2118 2066 2158; x_wconf 85' lang='lat' dir='ltr'>ex</span> <span class='ocrx_word' id='word_1_128' title='bbox 2098 2117 2332 2160; x_wconf 82' lang='lat' dir='ltr'>summa</span> <span class='ocrx_word' id='word_1_129' title='bbox 2367 2098 2472 2158; x_wconf 78' lang='lat' dir='ltr'>illa</span> 
     </span>
     <span class='ocr_line' id='line_1_17' title="bbox 503 2197 2472 2279; baseline 0.003 -21"><span class='ocrx_word' id='word_1_130' title='bbox 503 2197 645 2277; x_wconf 73' lang='lat' dir='ltr'>lege</span> <span class='ocrx_word' id='word_1_131' title='bbox 692 2198 921 2275; x_wconf 86' lang='lat' dir='ltr'>oritur,</span> <span class='ocrx_word' id='word_1_132' title='bbox 963 2199 1007 2261; x_wconf 87' lang='lat' dir='ltr'>i.</span> <span class='ocrx_word' id='word_1_133' title='bbox 1043 2219 1098 2260; x_wconf 89' lang='lat' dir='ltr'>e.</span> <span class='ocrx_word' id='word_1_134' title='bbox 1134 2218 1487 2277; x_wconf 83' lang='lat' dir='ltr'>supremum</span> <span class='ocrx_word' id='word_1_135' title='bbox 1503 2244 1523 2274; x_wconf 89' lang='lat'><em>,</em></span> <span class='ocrx_word' id='word_1_136' title='bbox 1577 2199 1744 2278; x_wconf 87' lang='lat' dir='ltr'>quod</span> <span class='ocrx_word' id='word_1_137' title='bbox 1780 2200 1847 2259; x_wconf 87' lang='lat' dir='ltr'>in</span> <span class='ocrx_word' id='word_1_138' title='bbox 1881 2201 2007 2279; x_wconf 81' lang='lat' dir='ltr'>ipsa</span> <span class='ocrx_word' id='word_1_139' title='bbox 2039 2209 2257 2263; x_wconf 78' lang='lat' dir='ltr'>natura</span> <span class='ocrx_word' id='word_1_140' title='bbox 2290 2203 2472 2263; x_wconf 86' lang='lat' dir='ltr'>situm</span> 
     </span>
     <span class='ocr_line' id='line_1_18' title="bbox 509 2302 2476 2386; baseline 0.002 -23"><span class='ocrx_word' id='word_1_141' title='bbox 509 2310 630 2363; x_wconf 75' lang='lat' dir='ltr'>est:</span> <span class='ocrx_word' id='word_1_142' title='bbox 674 2310 883 2383; x_wconf 84' lang='lat' dir='ltr'>estque</span> <span class='ocrx_word' id='word_1_143' title='bbox 906 2302 991 2363; x_wconf 79' lang='lat' dir='ltr'>ita</span> <span class='ocrx_word' id='word_1_144' title='bbox 1011 2302 1181 2363; x_wconf 88' lang='lat' dir='ltr'>locus</span> <span class='ocrx_word' id='word_1_145' title='bbox 1206 2322 1242 2362; x_wconf 93' lang='lat' dir='ltr'>e</span> <span class='ocrx_word' id='word_1_146' title='bbox 1275 2302 1685 2381; x_wconf 75' lang='lat' dir='ltr'>philosophia,</span> <span class='ocrx_word' id='word_1_147' title='bbox 1719 2322 1912 2383; x_wconf 81' lang='lat' dir='ltr'>eaque</span> <span class='ocrx_word' id='word_1_148' title='bbox 1947 2305 2273 2379; x_wconf 78' lang='lat' dir='ltr'>sententia,</span> <span class='ocrx_word' id='word_1_149' title='bbox 2315 2326 2476 2386; x_wconf 85' lang='lat' dir='ltr'>quae</span> 
     </span>
     <span class='ocr_line' id='line_1_19' title="bbox 507 2402 2476 2485; baseline 0.004 -22"><span class='ocrx_word' id='word_1_150' title='bbox 507 2402 874 2466; x_wconf 81' lang='lat' dir='ltr'>demonstrat</span> <span class='ocrx_word' id='word_1_151' title='bbox 922 2425 1047 2466; x_wconf 87' lang='lat' dir='ltr'>esse</span> <span class='ocrx_word' id='word_1_152' title='bbox 1103 2405 1411 2485; x_wconf 79' lang='lat' dir='ltr'>quoddam</span> <span class='ocrx_word' id='word_1_153' title='bbox 1469 2404 1824 2466; x_wconf 82' lang='lat' dir='ltr'>universum</span> <span class='ocrx_word' id='word_1_154' title='bbox 1873 2407 1969 2467; x_wconf 88' lang='lat' dir='ltr'>ius</span> <span class='ocrx_word' id='word_1_155' title='bbox 2017 2427 2162 2468; x_wconf 90' lang='lat' dir='ltr'>cum</span> <span class='ocrx_word' id='word_1_156' title='bbox 2211 2409 2476 2470; x_wconf 87' lang='lat' dir='ltr'>hominis</span> 
     </span>
     <span class='ocr_line' id='line_1_20' title="bbox 505 2507 2471 2593; baseline 0.003 -24"><span class='ocrx_word' id='word_1_157' title='bbox 505 2515 724 2569; x_wconf 70' lang='lat' dir='ltr'>natura</span> <span class='ocrx_word' id='word_1_158' title='bbox 773 2507 1186 2570; x_wconf 88' lang='lat' dir='ltr'>coniunctum.</span> <span class='ocrx_word' id='word_1_159' title='bbox 1269 2509 1365 2570; x_wconf 91' lang='lat' dir='ltr'>Sic</span> <span class='ocrx_word' id='word_1_160' title='bbox 1417 2530 1659 2571; x_wconf 76' lang='lat' dir='ltr'>causam</span> <span class='ocrx_word' id='word_1_161' title='bbox 1705 2510 1852 2590; x_wconf 90' lang='lat' dir='ltr'>poni</span> <span class='ocrx_word' id='word_1_162' title='bbox 1906 2510 2127 2573; x_wconf 89' lang='lat' dir='ltr'>docent</span> <span class='ocrx_word' id='word_1_163' title='bbox 2159 2514 2435 2593; x_wconf 83' lang='lat' dir='ltr'>exempla</span> <span class='ocrx_word' id='word_1_164' title='bbox 2456 2561 2471 2588; x_wconf 94' lang='lat'>,</span> 
     </span>
     <span class='ocr_line' id='line_1_21' title="bbox 505 2609 2473 2697; baseline 0.002 -25"><span class='ocrx_word' id='word_1_165' title='bbox 505 2618 580 2672; x_wconf 85' lang='lat' dir='ltr'>ut</span> <span class='ocrx_word' id='word_1_166' title='bbox 612 2611 739 2672; x_wconf 73' lang='lat' dir='ltr'>Pin.</span> <span class='ocrx_word' id='word_1_167' title='bbox 775 2609 891 2688; x_wconf 85' lang='lat' dir='ltr'>IV,</span> <span class='ocrx_word' id='word_1_168' title='bbox 932 2611 961 2670; x_wconf 93' lang='lat'>1</span> <span class='ocrx_word' id='word_1_169' title='bbox 985 2659 1004 2689; x_wconf 85' lang='lat'>‚</span> <span class='ocrx_word' id='word_1_170' title='bbox 1049 2612 1078 2671; x_wconf 90' lang='lat'>1</span> <span class='ocrx_word' id='word_1_171' title='bbox 1101 2658 1119 2687; x_wconf 92' lang='lat'><strong><em>,</em></strong></span> <span class='ocrx_word' id='word_1_172' title='bbox 1162 2609 1257 2693; x_wconf 73' lang='lat' dir='ltr'>(in</span> <span class='ocrx_word' id='word_1_173' title='bbox 1300 2614 1414 2673; x_wconf 79' lang='lat' dir='ltr'>hac</span> <span class='ocrx_word' id='word_1_174' title='bbox 1450 2634 1665 2689; x_wconf 77' lang='lat' dir='ltr'>causo,</span> <span class='ocrx_word' id='word_1_175' title='bbox 1706 2634 1927 2693; x_wconf 88' lang='lat' dir='ltr'>nempe</span> <span class='ocrx_word' id='word_1_176' title='bbox 1969 2613 2105 2675; x_wconf 86' lang='lat' dir='ltr'>finis</span> <span class='ocrx_word' id='word_1_177' title='bbox 2149 2616 2473 2697; x_wconf 86' lang='lat' dir='ltr'>bonorum)</span> 
     </span>
     <span class='ocr_line' id='line_1_22' title="bbox 504 2713 2470 2800; baseline 0.002 -25"><span class='ocrx_word' id='word_1_178' title='bbox 504 2714 639 2776; x_wconf 73' lang='lat' dir='ltr'>Nat.</span> <span class='ocrx_word' id='word_1_179' title='bbox 675 2715 745 2777; x_wconf 84' lang='lat' dir='ltr'>D.</span> <span class='ocrx_word' id='word_1_180' title='bbox 780 2715 867 2777; x_wconf 90' lang='lat'>11.</span> <span class='ocrx_word' id='word_1_181' title='bbox 901 2715 1004 2777; x_wconf 83' lang='lat' dir='ltr'>fin.</span> <span class='ocrx_word' id='word_1_182' title='bbox 1052 2713 1337 2797; x_wconf 59' lang='lat' dir='ltr'>(eandem</span> <span class='ocrx_word' id='word_1_183' title='bbox 1389 2738 1629 2778; x_wconf 78' lang='lat' dir='ltr'>causam</span> <span class='ocrx_word' id='word_1_184' title='bbox 1681 2740 1864 2800; x_wconf 78' lang='lat' dir='ltr'>ogas,</span> <span class='ocrx_word' id='word_1_185' title='bbox 1905 2738 1985 2779; x_wconf 82' lang='lat' dir='ltr'>sc.</span> <span class='ocrx_word' id='word_1_186' title='bbox 2040 2718 2329 2794; x_wconf 90' lang='lat' dir='ltr'>deorum,</span> <span class='ocrx_word' id='word_1_187' title='bbox 2371 2740 2470 2779; x_wconf 83' lang='lat' dir='ltr'>eos</span> 
     </span>
     <span class='ocr_line' id='line_1_23' title="bbox 503 2817 2470 2901; baseline 0.003 -23"><span class='ocrx_word' id='word_1_188' title='bbox 503 2817 681 2897; x_wconf 64' lang='grc' dir='ltr'>ωοε)</span> <span class='ocrx_word' id='word_1_189' title='bbox 736 2818 996 2897; x_wconf 83' lang='lat' dir='ltr'>Republ.</span> <span class='ocrx_word' id='word_1_190' title='bbox 1051 2818 1181 2894; x_wconf 91' lang='lat'>111,</span> <span class='ocrx_word' id='word_1_191' title='bbox 1240 2821 1318 2896; x_wconf 86' lang='lat'>5,</span> <span class='ocrx_word' id='word_1_192' title='bbox 1378 2818 1417 2879; x_wconf 89' lang='lat'>8</span> <span class='ocrx_word' id='word_1_193' title='bbox 1428 2865 1446 2897; x_wconf 91' lang='lat'><strong><em>,</em></strong></span> <span class='ocrx_word' id='word_1_194' title='bbox 1505 2820 1902 2901; x_wconf 78' lang='lat' dir='ltr'>(praeclaram</span> <span class='ocrx_word' id='word_1_195' title='bbox 1954 2844 2196 2883; x_wconf 80' lang='lat' dir='ltr'>causam</span> <span class='ocrx_word' id='word_1_196' title='bbox 2251 2824 2330 2884; x_wconf 82' lang='lat' dir='ltr'>od</span> <span class='ocrx_word' id='word_1_197' title='bbox 2382 2845 2470 2883; x_wconf 83' lang='lat' dir='ltr'>me</span> 
     </span>
     <span class='ocr_line' id='line_1_24' title="bbox 504 2919 2490 3004; baseline 0.004 -24"><span class='ocrx_word' id='word_1_198' title='bbox 504 2920 751 3003; x_wconf 74' lang='lat' dir='ltr'>defertis</span> <span class='ocrx_word' id='word_1_199' title='bbox 781 2953 861 2967; x_wconf 89' lang='lat'>—</span> <span class='ocrx_word' id='word_1_200' title='bbox 901 2919 1352 3003; x_wconf 57' lang='lat' dir='ltr'>improbitatis.)</span> <span class='ocrx_word' id='word_1_201' title='bbox 1393 2923 1683 3004; x_wconf 88' lang='lat' dir='ltr'>idemque</span> <span class='ocrx_word' id='word_1_202' title='bbox 1723 2926 1906 3003; x_wconf 86' lang='lat' dir='ltr'>periit</span> <span class='ocrx_word' id='word_1_203' title='bbox 1952 2926 2018 2984; x_wconf 90' lang='lat' dir='ltr'>in</span> <span class='ocrx_word' id='word_1_204' title='bbox 2060 2926 2278 2986; x_wconf 82' lang='lat' dir='ltr'>lacuna</span> <span class='ocrx_word' id='word_1_205' title='bbox 2319 2926 2490 2987; x_wconf 51' lang='lat' dir='ltr'>ibid.v</span> 
     </span>
     <span class='ocr_line' id='line_1_25' title="bbox 502 3023 2470 3109; baseline 0.002 -24"><span class='ocrx_word' id='word_1_206' title='bbox 502 3023 623 3100; x_wconf 81' lang='lat'>30,</span> <span class='ocrx_word' id='word_1_207' title='bbox 664 3024 763 3086; x_wconf 86' lang='lat'>42.</span> <span class='ocrx_word' id='word_1_208' title='bbox 806 3024 988 3086; x_wconf 82' lang='lat' dir='ltr'>Acad.</span> <span class='ocrx_word' id='word_1_209' title='bbox 1037 3025 1131 3101; x_wconf 89' lang='lat' dir='ltr'>ll,</span> <span class='ocrx_word' id='word_1_210' title='bbox 1177 3026 1251 3087; x_wconf 84' lang='lat'>13</span> <span class='ocrx_word' id='word_1_211' title='bbox 1272 3075 1289 3105; x_wconf 89' lang='lat'><em>,</em></span> <span class='ocrx_word' id='word_1_212' title='bbox 1333 3027 1412 3088; x_wconf 90' lang='grc'>40</span> <span class='ocrx_word' id='word_1_213' title='bbox 1457 3030 1671 3107; x_wconf 75' lang='lat' dir='ltr'>(unius</span> <span class='ocrx_word' id='word_1_214' title='bbox 1717 3031 2054 3109; x_wconf 72' lang='lat' dir='ltr'>argumenti</span> <span class='ocrx_word' id='word_1_215' title='bbox 2095 3031 2470 3089; x_wconf 70' lang='lat' dir='ltr'>conclusione</span> 
     </span>
     <span class='ocr_line' id='line_1_26' title="bbox 501 3129 2472 3211; baseline 0.003 -24"><span class='ocrx_word' id='word_1_216' title='bbox 501 3139 626 3189; x_wconf 72' lang='lat' dir='ltr'>tota</span> <span class='ocrx_word' id='word_1_217' title='bbox 649 3130 723 3189; x_wconf 80' lang='lat' dir='ltr'>ab</span> <span class='ocrx_word' id='word_1_218' title='bbox 750 3130 847 3189; x_wconf 71' lang='lat' dir='ltr'>Itis</span> <span class='ocrx_word' id='word_1_219' title='bbox 875 3150 1087 3205; x_wconf 76' lang='lat' dir='ltr'>causa,</span> <span class='ocrx_word' id='word_1_220' title='bbox 1125 3130 1246 3190; x_wconf 81' lang='lat' dir='ltr'>visa</span> <span class='ocrx_word' id='word_1_221' title='bbox 1276 3151 1398 3191; x_wconf 88' lang='lat' dir='ltr'>non</span> <span class='ocrx_word' id='word_1_222' title='bbox 1427 3132 1660 3209; x_wconf 80' lang='lat' dir='ltr'>percipi</span> <span class='ocrx_word' id='word_1_223' title='bbox 1688 3151 1887 3210; x_wconf 80' lang='lat' dir='ltr'>posse,</span> <span class='ocrx_word' id='word_1_224' title='bbox 1925 3129 2472 3211; x_wconf 75' lang='lat' dir='ltr'>comprehenditur.)</span> 
     </span>
     <span class='ocr_line' id='line_1_27' title="bbox 498 3229 2473 3314; baseline 0.001 -25"><span class='ocrx_word' id='word_1_225' title='bbox 498 3229 837 3294; x_wconf 85' lang='lat' dir='ltr'>Verborum</span> <span class='ocrx_word' id='word_1_226' title='bbox 895 3232 1174 3294; x_wconf 88' lang='lat' dir='ltr'>ordinem</span> <span class='ocrx_word' id='word_1_227' title='bbox 1223 3253 1409 3314; x_wconf 92' lang='lat' dir='ltr'>quem</span> <span class='ocrx_word' id='word_1_228' title='bbox 1460 3233 1763 3294; x_wconf 79' lang='lat' dir='ltr'>edidimus</span> <span class='ocrx_word' id='word_1_229' title='bbox 1779 3280 1798 3310; x_wconf 87' lang='lat'><em>,</em></span> <span class='ocrx_word' id='word_1_230' title='bbox 1859 3242 2096 3294; x_wconf 80' lang='lat' dir='ltr'>servant</span> <span class='ocrx_word' id='word_1_231' title='bbox 2148 3233 2293 3294; x_wconf 88' lang='lat' dir='ltr'>libri</span> <span class='ocrx_word' id='word_1_232' title='bbox 2349 3234 2473 3293; x_wconf 89' lang='lat' dir='ltr'>mei</span> 
     </span>
     <span class='ocr_line' id='line_1_28' title="bbox 497 3333 2471 3415; baseline 0.001 -22"><span class='ocrx_word' id='word_1_233' title='bbox 497 3333 779 3415; x_wconf 86' lang='lat' dir='ltr'>plerique</span> <span class='ocrx_word' id='word_1_234' title='bbox 798 3382 815 3412; x_wconf 89' lang='lat'><em>,</em></span> <span class='ocrx_word' id='word_1_235' title='bbox 858 3343 920 3395; x_wconf 87' lang='lat' dir='ltr'>et</span> <span class='ocrx_word' id='word_1_236' title='bbox 956 3335 1205 3413; x_wconf 85' lang='lat' dir='ltr'>merit03</span> <span class='ocrx_word' id='word_1_237' title='bbox 1250 3355 1375 3396; x_wconf 88' lang='lat' dir='ltr'>non</span> <span class='ocrx_word' id='word_1_238' title='bbox 1408 3334 1609 3415; x_wconf 90' lang='lat' dir='ltr'>quod,</span> <span class='ocrx_word' id='word_1_239' title='bbox 1649 3336 1805 3396; x_wconf 87' lang='lat' dir='ltr'>sicut</span> <span class='ocrx_word' id='word_1_240' title='bbox 1834 3334 2160 3395; x_wconf 84' lang='lat' dir='ltr'>Goerenzio</span> <span class='ocrx_word' id='word_1_241' title='bbox 2196 3334 2471 3411; x_wconf 85' lang='lat' dir='ltr'>videtur,</span> 
     </span>
     <span class='ocr_line' id='line_1_29' title="bbox 495 3436 2471 3521; baseline 0.001 -22"><span class='ocrx_word' id='word_1_242' title='bbox 495 3438 854 3501; x_wconf 82' lang='lat' dir='ltr'>concinnior</span> <span class='ocrx_word' id='word_1_243' title='bbox 889 3440 967 3498; x_wconf 87' lang='lat' dir='ltr'>sit</span> <span class='ocrx_word' id='word_1_244' title='bbox 1008 3436 1135 3521; x_wconf 79' lang='lat' dir='ltr'>(vix</span> <span class='ocrx_word' id='word_1_245' title='bbox 1178 3440 1345 3499; x_wconf 90' lang='lat' dir='ltr'>enim</span> <span class='ocrx_word' id='word_1_246' title='bbox 1381 3438 1855 3501; x_wconf 79' lang='lat' dir='ltr'>concinnitatem</span> <span class='ocrx_word' id='word_1_247' title='bbox 1889 3438 1956 3497; x_wconf 90' lang='lat' dir='ltr'>in</span> <span class='ocrx_word' id='word_1_248' title='bbox 1989 3437 2253 3517; x_wconf 80' lang='lat' dir='ltr'>simplici</span> <span class='ocrx_word' id='word_1_249' title='bbox 2281 3459 2471 3500; x_wconf 90' lang='lat' dir='ltr'>enun-</span> 
     </span>
     <span class='ocr_line' id='line_1_30' title="bbox 501 3539 2472 3622; baseline 0.002 -22"><span class='ocrx_word' id='word_1_250' title='bbox 501 3539 759 3603; x_wconf 79' lang='lat' dir='ltr'>ciatione</span> <span class='ocrx_word' id='word_1_251' title='bbox 807 3539 1090 3622; x_wconf 70' lang='lat' dir='ltr'>agnosco)</span> <span class='ocrx_word' id='word_1_252' title='bbox 1108 3589 1125 3617; x_wconf 89' lang='lat'>‚</span> <span class='ocrx_word' id='word_1_253' title='bbox 1184 3541 1290 3603; x_wconf 86' lang='lat' dir='ltr'>sed</span> <span class='ocrx_word' id='word_1_254' title='bbox 1324 3542 1491 3622; x_wconf 82' lang='lat' dir='ltr'>quod</span> <span class='ocrx_word' id='word_1_255' title='bbox 1525 3542 1611 3603; x_wconf 79' lang='lat' dir='ltr'>ita</span> <span class='ocrx_word' id='word_1_256' title='bbox 1649 3550 2042 3622; x_wconf 75' lang='lat' dir='ltr'>seg-regantur</span> <span class='ocrx_word' id='word_1_257' title='bbox 2076 3561 2235 3621; x_wconf 80' lang='lat' dir='ltr'>quae</span> <span class='ocrx_word' id='word_1_258' title='bbox 2272 3543 2472 3622; x_wconf 91' lang='lat' dir='ltr'>perin-</span> 
     </span>
     <span class='ocr_line' id='line_1_31' title="bbox 501 3642 2475 3721; baseline 0.003 -20"><span class='ocrx_word' id='word_1_259' title='bbox 501 3642 816 3703; x_wconf 84' lang='lat' dir='ltr'>commode</span> <span class='ocrx_word' id='word_1_260' title='bbox 871 3643 1230 3721; x_wconf 74' lang='lat' dir='ltr'>iunguntur.</span> <span class='ocrx_word' id='word_1_261' title='bbox 1332 3643 1571 3705; x_wconf 79' lang='lat' dir='ltr'>Poterat</span> <span class='ocrx_word' id='word_1_262' title='bbox 1621 3646 1787 3704; x_wconf 88' lang='lat' dir='ltr'>euim</span> <span class='ocrx_word' id='word_1_263' title='bbox 1830 3644 1956 3705; x_wconf 83' lang='lat' dir='ltr'>dici</span> <span class='ocrx_word' id='word_1_264' title='bbox 1993 3666 2174 3705; x_wconf 75' lang='lat' dir='ltr'>causo</span> <span class='ocrx_word' id='word_1_265' title='bbox 2206 3648 2475 3706; x_wconf 74' lang='lat' dir='ltr'>universi</span> 
     </span>
     <span class='ocr_line' id='line_1_32' title="bbox 501 3744 2473 3827; baseline 0.002 -25"><span class='ocrx_word' id='word_1_266' title='bbox 501 3744 661 3805; x_wconf 70' lang='lat' dir='ltr'>iuris</span> <span class='ocrx_word' id='word_1_267' title='bbox 693 3752 797 3804; x_wconf 80' lang='lat' dir='ltr'>aut</span> <span class='ocrx_word' id='word_1_268' title='bbox 822 3756 945 3806; x_wconf 71' lang='lat' dir='ltr'>iota</span> <span class='ocrx_word' id='word_1_269' title='bbox 978 3767 1161 3809; x_wconf 73' lang='lat' dir='ltr'>causa</span> <span class='ocrx_word' id='word_1_270' title='bbox 1191 3748 1376 3822; x_wconf 77' lang='lat' dir='ltr'>iuris,</span> <span class='ocrx_word' id='word_1_271' title='bbox 1409 3767 1537 3808; x_wconf 88' lang='lat' dir='ltr'>non</span> <span class='ocrx_word' id='word_1_272' title='bbox 1565 3754 1802 3827; x_wconf 79' lang='lat' dir='ltr'>poterat</span> <span class='ocrx_word' id='word_1_273' title='bbox 1832 3758 1954 3808; x_wconf 70' lang='lat' dir='ltr'>tota</span> <span class='ocrx_word' id='word_1_274' title='bbox 1987 3768 2170 3808; x_wconf 79' lang='lat' dir='ltr'>causa</span> <span class='ocrx_word' id='word_1_275' title='bbox 2203 3750 2473 3807; x_wconf 73' lang='lat' dir='ltr'>universi</span> 
     </span>
     <span class='ocr_line' id='line_1_33' title="bbox 503 3840 2468 3929; baseline 0.002 -24"><span class='ocrx_word' id='word_1_276' title='bbox 503 3849 661 3908; x_wconf 67' lang='lat' dir='ltr'>iuris</span> <span class='ocrx_word' id='word_1_277' title='bbox 679 3893 698 3923; x_wconf 91' lang='lat'>‚</span> <span class='ocrx_word' id='word_1_278' title='bbox 739 3848 804 3907; x_wconf 92' lang='lat' dir='ltr'>in</span> <span class='ocrx_word' id='word_1_279' title='bbox 840 3869 964 3928; x_wconf 92' lang='lat' dir='ltr'>quo</span> <span class='ocrx_word' id='word_1_280' title='bbox 991 3849 1221 3929; x_wconf 90' lang='lat' dir='ltr'>quippe</span> <span class='ocrx_word' id='word_1_281' title='bbox 1250 3852 1519 3910; x_wconf 72' lang='lat' dir='ltr'>universi</span> <span class='ocrx_word' id='word_1_282' title='bbox 1545 3853 1701 3910; x_wconf 73' lang='lat' dir='ltr'>iuris</span> <span class='ocrx_word' id='word_1_283' title='bbox 1731 3858 1820 3910; x_wconf 84' lang='lat' dir='ltr'>est</span> <span class='ocrx_word' id='word_1_284' title='bbox 1858 3850 2199 3928; x_wconf 80' lang='lat' dir='ltr'>epexegesis</span> <span class='ocrx_word' id='word_1_285' title='bbox 2223 3840 2468 3928; x_wconf 85' lang='lat' dir='ltr'>prioris,</span> 
     </span>
     <span class='ocr_line' id='line_1_34' title="bbox 499 3951 2469 4033; baseline 0 -24"><span class='ocrx_word' id='word_1_286' title='bbox 499 3960 624 4010; x_wconf 73' lang='lat' dir='ltr'>tota</span> <span class='ocrx_word' id='word_1_287' title='bbox 677 3972 860 4011; x_wconf 76' lang='lat' dir='ltr'>causa</span> <span class='ocrx_word' id='word_1_288' title='bbox 870 3975 898 4024; x_wconf 89' lang='lat'><em>;</em></span> <span class='ocrx_word' id='word_1_289' title='bbox 940 3951 1203 4031; x_wconf 85' lang='lat' dir='ltr'>ideoque</span> <span class='ocrx_word' id='word_1_290' title='bbox 1234 3961 1484 4033; x_wconf 88' lang='lat' dir='ltr'>propter</span> <span class='ocrx_word' id='word_1_291' title='bbox 1528 3952 1996 4016; x_wconf 84' lang='lat' dir='ltr'>similitudinem</span> <span class='ocrx_word' id='word_1_292' title='bbox 2031 3951 2469 4011; x_wconf 79' lang='lat' dir='ltr'>adiectivorum</span> 
     </span>
     <span class='ocr_line' id='line_1_35' title="bbox 501 4050 2466 4136; baseline -0.002 -22"><span class='ocrx_word' id='word_1_293' title='bbox 501 4054 830 4134; x_wconf 85' lang='lat' dir='ltr'>utrobique</span> <span class='ocrx_word' id='word_1_294' title='bbox 854 4054 1198 4117; x_wconf 79' lang='lat' dir='ltr'>additurum</span> <span class='ocrx_word' id='word_1_295' title='bbox 1230 4057 1338 4117; x_wconf 80' lang='lat' dir='ltr'>ista</span> <span class='ocrx_word' id='word_1_296' title='bbox 1363 4056 1789 4136; x_wconf 78' lang='lat' dir='ltr'>distinguenda</span> <span class='ocrx_word' id='word_1_297' title='bbox 1821 4063 2013 4116; x_wconf 83' lang='lat' dir='ltr'>erant.</span> <span class='ocrx_word' id='word_1_298' title='bbox 2054 4053 2206 4113; x_wconf 83' lang='lat' dir='ltr'>Hinc</span> <span class='ocrx_word' id='word_1_299' title='bbox 2224 4050 2385 4113; x_wconf 87' lang='lat' dir='ltr'>Offic.</span> <span class='ocrx_word' id='word_1_300' title='bbox 2404 4052 2434 4110; x_wconf 91' lang='grc' dir='ltr'>Ι</span> <span class='ocrx_word' id='word_1_301' title='bbox 2447 4099 2466 4128; x_wconf 85' lang='grc'>,</span> 
     </span>
     <span class='ocr_line' id='line_1_36' title="bbox 495 4157 2464 4241; baseline -0.003 -23"><span class='ocrx_word' id='word_1_302' title='bbox 495 4157 576 4218; x_wconf 86' lang='grc'>25</span> <span class='ocrx_word' id='word_1_303' title='bbox 592 4205 610 4234; x_wconf 92' lang='lat'><em>‚</em></span> <span class='ocrx_word' id='word_1_304' title='bbox 651 4158 734 4221; x_wconf 84' lang='lat'>85</span> <span class='ocrx_word' id='word_1_305' title='bbox 767 4158 924 4220; x_wconf 84' lang='lat' dir='ltr'>dixit</span> <span class='ocrx_word' id='word_1_306' title='bbox 957 4171 1143 4221; x_wconf 68' lang='lat' dir='ltr'>totum</span> <span class='ocrx_word' id='word_1_307' title='bbox 1175 4180 1387 4241; x_wconf 68' lang='lat' dir='ltr'>corpus</span> <span class='ocrx_word' id='word_1_308' title='bbox 1423 4164 1514 4222; x_wconf 71' lang='lat' dir='ltr'>mi</span> <span class='ocrx_word' id='word_1_309' title='bbox 1537 4160 1821 4240; x_wconf 71' lang='lat' dir='ltr'>publicae</span> <span class='ocrx_word' id='word_1_310' title='bbox 1840 4204 1857 4232; x_wconf 93' lang='lat'>,</span> <span class='ocrx_word' id='word_1_311' title='bbox 1901 4178 2025 4220; x_wconf 87' lang='lat' dir='ltr'>nou</span> <span class='ocrx_word' id='word_1_312' title='bbox 2064 4168 2105 4217; x_wconf 77' lang='lat' dir='ltr'>t.</span> <span class='ocrx_word' id='word_1_313' title='bbox 2143 4178 2197 4219; x_wconf 85' lang='lat' dir='ltr'>c.</span> <span class='ocrx_word' id='word_1_314' title='bbox 2231 4157 2464 4217; x_wconf 71' lang='lat' dir='ltr'>univcr-</span> 
     </span>
    </p>
   </div>
  </div>
 </body>
</html>
