3131 5032
844 482 977 546 530
1515 477 1657 543 Lm.
1702 476 1798 561 11,
1857 481 1968 555 14,
2014 483 2120 544 36.

836 684 1104 765 plerique
1130 694 1561 744 concesserant.-
1597 690 1729 743 tum
1755 682 1890 741 iure
1915 681 2176 742 correxit
2201 681 2478 742 Ernestus
2506 683 2573 741 in
2604 682 2814 746 Tacito

845 788 1005 847 Ann.
1042 786 1170 863 111,
1211 786 1322 862 24,
1368 787 1568 847 valido
1614 787 1695 847 D.
1730 786 2003 868 Augusto
2043 788 2109 843 in
2142 806 2201 844 re
2236 787 2481 867 publica
2501 790 2806 867 somna,

845 891 1074 970 quippe
1126 890 1384 950 alterum
1426 890 1520 973 (in
1564 910 1685 949 rem
1718 888 2046 971 publicam)
2081 887 2332 949 minime
2364 890 2807 952 conferendum

845 1002 934 1054 est
966 1013 1111 1054 cum
1144 996 1212 1052 in
1238 1005 1580 1074 potestatem
1611 994 1818 1054 habere
1835 1039 1854 1068 ,
1888 993 2322 1073 similibusque.
2341 1028 2421 1040 —
2442 994 2502 1052 V
2498 996 2588 1053 ita
2618 995 2805 1054 leonci-

843 1118 987 1156 mam
1020 1096 1417 1175 intelligenda
1450 1106 1538 1158 est
1553 1144 1573 1175 ,
1618 1098 1772 1156 vitae
1804 1096 2207 1156 instituendae
2240 1096 2392 1157 ratio
2428 1104 2490 1156 et
2513 1095 2802 1175 facultas,

839 1200 997 1261 sicut
1049 1201 1179 1260 Nat.
1231 1199 1298 1260 I).
1348 1201 1408 1276 1,
1460 1200 1536 1278 2,
1588 1200 1660 1277 3,
1709 1200 1843 1284 (ubi
1902 1201 2098 1260 minus
2144 1208 2308 1259 recte
2369 1198 2803 1279 interpretatur

839 1300 1387 1384 wyttenbachius):
1441 1303 1607 1364 Tusc.
1641 1303 1762 1379 111,
1810 1303 1914 1379 11,
1956 1303 2061 1363 25:
2105 1304 2413 1383 aliquanto
2453 1305 2665 1364 arctius
2700 1305 2801 1363 in·

841 1406 1139 1485 telligitur
1189 1405 1355 1466 Verr.
1406 1405 1535 1482 111,
1579 1409 1652 1481 5,
1698 1404 1804 1481 11,
1845 1404 1915 1463 de
1960 1407 2087 1464 vita
2127 1407 2402 1484 victuque
2427 1406 2634 1486 populi
2667 1406 2798 1465 Ro·

839 1512 1044 1569 mam':
1085 1510 1290 1588 itaque
1326 1508 1537 1569 Graeci
1575 1512 1608 1568 ὁ
1649 1508 1971 1587 ἀνθρώπων
2016 1510 2179 1584 βίος,
2223 1508 2300 1567 de
2347 1528 2472 1587 quo
2509 1509 2800 1568 Hemster·

837 1612 1078 1688 husius,
1119 1611 1197 1673 ad
1227 1613 1476 1672 Luciani
1508 1613 1777 1692 Colloqu.
1804 1632 1864 1691 p.
1884 1611 1982 1673 70.
2000 1630 2127 1691 sqq.
2162 1611 2258 1672 ed.
2294 1610 2456 1672 3⁶¹⁰:
2499 1619 2679 1690 atque
2716 1613 2802 1673 ita

834 1715 1221 1777 Demostheni
1263 1717 1471 1777 Coron.
1511 1736 1573 1795 p.
1608 1715 1748 1775 330.
1800 1714 1893 1775 10.
1933 1718 1966 1773 o‘
2009 1717 2203 1792 παρὼν
2239 1716 2370 1790 βίος
2401 1722 2489 1774 est
2521 1734 2801 1792 praesen

834 1820 1092 1881 civitatis
1134 1819 1421 1882 conditio.

912 1923 1073 1982 nihil
1093 1924 1303 1982 melius
1326 1924 1453 1982 illis
1479 1923 1777 2002 mysteriis
1797 1916 1903 1998 —)
1961 1919 2129 1980 Cous.
2145 1919 2373 2000 Taylor.
2402 1919 2478 1980 ad
2496 1920 2797 1983 Demosth.

836 2027 1049 2086 Coron.
1104 2046 1164 2104 p.
1216 2025 1372 2102 313,
1436 2024 1542 2101 18,
1595 2024 1665 2085 R.
1717 2021 1884 2082 Verr.
1923 2022 1998 2099 V,
2040 2022 2147 2097 72,
2194 2021 2328 2084 187.
2366 2058 2447 2070 —-
2484 2024 2660 2098 Quod
2695 2045 2798 2085 au·

831 2137 955 2188 tem
1011 2130 1323 2187 initiorum
1369 2127 1525 2187 hanc
1572 2127 1697 2186 vim
1751 2125 1901 2185 dicit
1943 2146 2092 2200 esse,
2136 2134 2206 2186 ut
2243 2146 2316 2186 eo
2345 2127 2470 2204 ipso
2504 2128 2801 2189 vocabulo

829 2230 1182 2291 indicentur
1219 2232 1532 2311 principia
1582 2232 1741 2289 vitae
1756 2274 1776 2305 ,
1817 2227 2014 2288 simile
2058 2238 2146 2288 est
2179 2231 2548 2308 argutiarum
2581 2231 2802 2293 Stoica·

833 2356 974 2397 rum
1012 2337 1077 2395 in
1111 2334 1325 2395 eodem
1371 2355 1614 2414 genere.
1695 2334 1791 2394 sio
1826 2334 1989 2393 enim
2027 2333 2226 2412 potius
2269 2333 2667 2395 iudicandum
2706 2336 2803 2395 vi-

834 2439 1016 2499 detur
1026 2486 1044 2515 ,
1099 2458 1282 2519 quam
1304 2483 1322 2512 ,
1377 2446 1444 2497 ut
1486 2437 1633 2498 fecit
1677 2437 2112 2497 sollertissimus
2163 2436 2539 2515 antiquitatis
2593 2437 2804 2496 existi-

834 2551 1029 2603 mator
1050 2542 1381 2602 Lobeckius
1406 2543 1470 2601 in
1487 2542 1777 2620 Aglaoph.
1798 2542 1847 2601 1.
1866 2561 1925 2620 p.
1945 2539 2043 2601 73.
2064 2548 2188 2600 not.
2202 2586 2220 2615 ‚
2250 2540 2406 2600 hanc
2433 2541 2803 2601 rhetoricam

840 2647 1399 2723 interpretationem
1429 2665 1661 2706 vocare.
1743 2643 1829 2703 De
1856 2644 2117 2720 Graecis,
2154 2663 2346 2723 quum
2370 2643 2654 2704 Isocrates
2678 2644 2806 2703 iam

833 2750 1126 2810 iunxisset
1185 2752 1418 2823 τελετήν
1481 2767 1622 2808 oum
1670 2755 1750 2822 τῇ
1805 2756 1909 2806 τοῦ
1965 2749 2103 2823 βίον
2166 2752 2431 2821 τελευτῇ,
2493 2745 2808 2806 Plutarch.

834 2853 1050 2933 fragm.
1103 2853 1181 2913 de
1226 2851 1444 2911 Anima
1489 2849 1676 2931 (apud
1723 2848 2032 2929 Wyttenb.
2073 2850 2128 2909 S.
2163 2849 2233 2909 N.
2270 2847 2338 2910 V.
2372 2869 2432 2928 p.
2471 2848 2613 2929 136)
2659 2869 2811 2910 vere

838 2959 1163 3018 coniuncta
1206 2976 1329 3015 esse
1372 2955 1556 3031 dicit,
1609 2957 1707 3013 διὸ
1743 2960 1843 3012 καὶ
1881 2955 1947 3012 τὸ
1987 2956 2138 3032 ῥῆμα
2177 2957 2255 3024 τῷ
2304 2955 2544 3031 ῥήματι.
2592 2959 2695 3012 καὶ
2741 2957 2809 3012 τό

844 3062 1009 3140 ἔργον
1071 3065 1149 3141 τῷ
1207 3062 1349 3141 ἔργῳ
1419 3067 1522 3118 τοῦ
1585 3062 1859 3131 τελευτᾷν
1920 3063 2018 3115 καὶ
2084 3061 2398 3115 τελεῖσθαι
2460 3059 2784 3134 προσέοικε

837 3163 1065 3224 Rursus
1110 3163 1290 3222 aliam
1341 3161 1601 3221 nominis
1637 3164 1881 3219 τελετῶν
1911 3158 2205 3220 rationem
2243 3158 2416 3220 affert
2445 3158 2810 3240 Chrysippus

841 3266 1005 3345 apud
1053 3265 1353 3325 Plutarch.
1400 3264 1577 3324 Stoic.
1621 3263 1898 3343 Repugn.
1944 3283 2005 3343 p.
2051 3262 2232 3338 1035,
2272 3262 2340 3324 Β.
2372 3294 2456 3310 -—
2486 3262 2602 3323 Sed
2635 3264 2809 3324 Livio

840 3370 1101 3444 XXXIX,
1161 3368 1235 3444 8,
1298 3370 1366 3444 5,
1418 3367 1814 3427 Bacchanalia
1872 3386 2115 3446 quoque
2166 3368 2351 3425 initio
2402 3366 2806 3445 appellantur.

840 3472 1244 3533 Ruhnkenius
1283 3471 1359 3531 ad
1391 3472 1632 3532 Sueten.
1662 3470 1818 3550 Aug.
1849 3470 1927 3530 93
1965 3470 2109 3531 citat
2144 3469 2560 3531 casaubonum
2594 3470 2804 3529 Exere.

845 3574 922 3634 ad
959 3574 1172 3634 Baron.
1201 3574 1329 3634 XVI
1350 3619 1369 3649 ,
1411 3573 1508 3634 43.

926 3696 1058 3735 cum
1096 3677 1326 3735 laetitia
1367 3675 1611 3735 vivendi
1645 3709 1723 3721 --
1757 3694 1889 3735 cum
1925 3696 2025 3756 spe
2065 3677 2298 3736 meliore
2338 3672 2655 3756 modendi)
2734 3675 2810 3734 In

841 3786 1096 3858 cognato
1150 3786 1503 3856 argumento
1557 3777 1725 3838 Plato
1777 3778 1924 3858 Rep.
1971 3781 2021 3839 1.
2073 3800 2132 3859 p.
2178 3779 2318 3841 330.
2367 3780 2469 3840 fin.
2519 3783 2620 3855 ζῇν
2659 3782 2807 3855 μετὰ

846 3890 1021 3957 κακῆς
1052 3883 1311 3947 ἐλπίδος·
1341 3881 1640 3961 pluraque
1671 3882 1851 3942 tradit
1864 3884 2173 3964 Wyttenb.
2202 3883 2382 3963 Epist.
2413 3883 2557 3944 Crit.
2591 3883 2804 3963 Opnnc.

843 3988 973 4049 Vol.
1014 3987 1063 4046 1.
1106 4006 1166 4066 p.
1208 3984 1307 4046 35.

831 4134 838 4140 -
929 4093 1239 4172 displiceat
1271 4086 1634 4169 innocentes)
1712 4090 2027 4171 Ingeniosa
2061 4100 2121 4151 et
2154 4089 2481 4152 neccssaria
2524 4095 2614 4148 est
2638 4089 2808 4148 Lam·

846 4196 977 4253 bini
1024 4195 1318 4255 correctio
1353 4196 1420 4253 in
1462 4198 1788 4255 nocturnis.
1819 4227 1897 4242 -
1932 4195 2083 4256 Illae
2119 4193 2602 4274 pervigilationes
2637 4200 2809 4254 vetu-
