3131 5032
820 440 951 507 528
1410 435 1557 504 Lm.
1599 435 1689 522 11,
1749 436 1860 522 14,
1905 438 2026 522 35,
2073 440 2183 504 36.

893 657 1000 706 aut
1055 665 1162 726 ego
1212 642 1648 725 reprehendam)
1740 642 1875 704 Non
1934 641 2237 703 intellexit
2296 640 2415 702 hoc
2473 640 2747 704 Orellius
2768 689 2794 717 ,

813 769 1006 831 quum
1055 757 1259 810 tamen
1300 755 1467 809 recte
1515 746 1880 827 exposuisset
1908 744 2445 827 wyttenbachius:
2487 754 2580 805 est
2610 747 2797 807 enim

811 853 1215 933 reprehendere
1231 897 1250 928 ‚
1287 870 1609 928 revocare,
1646 857 2005 911 retractare:
2047 859 2121 911 ut
2155 850 2319 911 verr.
2351 848 2483 925 111,
2519 849 2639 926 20,
2681 852 2789 911 51.

812 955 972 1017 conf.
1024 955 1176 1018 ibid.
1221 955 1339 1031 96,
1391 953 1549 1015 223:
1607 960 1673 1013 et
1711 954 1798 1014 sic
1838 954 2001 1032 cepit
2035 951 2369 1032 Madvigius
2412 951 2494 1013 ad
2537 951 2670 1014 Pin.
2710 953 2789 1012 in

813 1058 1092 1120 Addend.
1131 1078 1194 1138 p.
1236 1057 1376 1120 867.

892 1161 936 1244 §
975 1162 1074 1223 35.
1154 1172 1390 1241 excepto
1444 1155 1814 1241 praesertim)
1903 1157 2159 1218 Videtur
2208 1169 2448 1240 excepto
2497 1159 2568 1217 in
2614 1160 2790 1220 anti-

810 1264 1124 1346 quioribus
1148 1263 1428 1324 omnibus
1454 1271 1811 1342 corruptum
1833 1281 1983 1323 esse:
2014 1261 2290 1342 proxime
2310 1262 2519 1322 aberat
2541 1273 2784 1342 aspecto

810 1369 907 1450 (ut
942 1367 1040 1448 E):
1082 1368 1377 1428 correctio
1410 1366 1743 1428 necessaria
1775 1366 2020 1428 videtur
2048 1367 2118 1426 in
2146 1366 2580 1427 recentioribus
2600 1365 2782 1426 libri-s

811 1469 1013 1531 sume.
1064 1505 1145 1518 —
1193 1470 1325 1531 Mox
1376 1470 1882 1551 Eumohpidaeque
1938 1471 2120 1530 vestri
2165 1469 2524 1530 auctoritate
2566 1468 2779 1528 Ambr-

812 1572 1228 1653 suseepssw
1258 1574 1466 1634 nostri.
1548 1572 1837 1633 Codicum
1875 1569 1943 1631 in
1982 1571 2089 1632 tali
2119 1592 2189 1632 re
2222 1570 2425 1632 minor
2457 1578 2549 1632 est
2580 1579 2787 1632 aucto-

814 1675 976 1737 ritas.
1039 1675 1158 1737 Sed
1186 1675 1417 1736 Ernesti
1444 1675 1813 1736 dubitationi
1837 1673 2281 1736 occurrendum
2305 1682 2424 1749 est,
2454 1674 2567 1754 qui
2592 1675 2787 1734 nostri

811 1779 952 1843 ideo
1002 1779 1260 1859 probare
1313 1778 1557 1839 videtur
1572 1823 1592 1854 ,
1649 1777 1817 1859 quod
1868 1777 1995 1857 ipse
2043 1777 2250 1839 Cicero
2313 1776 2585 1838 initiatus
2628 1784 2787 1837 esset

813 1882 1047 1947 Cereris
1076 1880 1275 1942 sacris.
1352 1880 1470 1941 Sed
1495 1900 1700 1961 neque
1728 1878 2123 1959 Eumolpidae
2149 1879 2288 1942 ideo
2318 1879 2625 1941 Ciceronis
2654 1898 2789 1940 me

815 1986 939 2047 dici
981 1992 1262 2065 poterant
1275 2029 1296 2061 ,
1346 1982 1515 2064 quod
1546 1983 1671 2045 istis
1701 1984 1885 2046 sacris
1928 1983 2201 2043 initiatus
2235 1990 2423 2059 esset,
2464 1991 2526 2044 et
2560 1982 2788 2044 diserte

812 2106 981 2148 nunc
1013 2087 1473 2148 Atheniensium
1506 2086 1812 2163 instituta,
1852 2105 2012 2167 quae
2043 2106 2080 2147 a
2109 2086 2392 2148 Romanis
2421 2085 2742 2165 distinguit
2759 2130 2784 2160 ,

811 2209 1284 2251 commemorare
1335 2189 1590 2269 solebat3
1648 2197 2089 2271 proptereaque
2135 2190 2310 2269 Eum.
2361 2201 2580 2250 vestrm
2591 2235 2611 2266 ‚
2651 2190 2695 2250 i.
2724 2208 2788 2250 e.

813 2292 1041 2352 Atticos
1058 2337 1076 2367 ,
1116 2290 1397 2370 appellat.

894 2394 938 2477 §
978 2394 1077 2457 36.
1178 2395 1449 2453 omnibus
1495 2395 1669 2454 bonis
1703 2394 2019 2476 firmisque
2060 2396 2298 2478 populis
2346 2396 2501 2478 leges
2546 2393 2787 2474 damu)

813 2499 947 2561 Non
982 2498 1112 2559 sine
1136 2518 1315 2559 causa
1338 2496 1619 2558 Ernestus
1649 2497 1949 2560 dubitavit
1975 2507 2182 2560 utrum
2201 2500 2409 2580 firmis
2440 2497 2786 2579 genuinum

810 2611 994 2665 esset:
1037 2622 1151 2663 nec
1185 2601 1593 2682 spernendum
1623 2601 1781 2662 illud
1805 2601 1974 2681 quod
2000 2603 2359 2681 excogitavit
2388 2602 2671 2678 mosem,
2710 2609 2785 2661 ut

797 2709 1114 2788 simisque
1160 2706 1229 2765 in
1274 2706 1586 2781 firmandis
1635 2713 1971 2767 mutaretur
1982 2730 2002 2783 ;
2059 2705 2241 2768 modo
2281 2727 2406 2767 non
2455 2706 2785 2767 addidiaeet

816 2812 960 2872 hene
984 2809 1304 2889 firmandis
1336 2828 1446 2888 pro
1480 2809 1653 2868 bonis
1675 2808 2005 2888 firmisque.
2086 2810 2310 2889 Populi
2334 2817 2503 2870 certe
2535 2808 2784 2868 nullum

813 2914 1111 2975 eiusmodi
1155 2913 1522 2974 adiectivum
1569 2912 1823 2991 patitur:
1864 2911 2255 2991 suspicorque
2286 2913 2488 2991 potius
2516 2913 2584 2971 in
2606 2912 2781 2971 bonis

813 3037 1064 3098 quoque
1123 3017 1321 3078 simile
1378 3014 1769 3098 participium
1826 3015 2049 3090 latere,
2110 3015 2214 3076 cui
2261 3014 2616 3075 subiiciatur
2653 3015 2780 3095 fin*

819 3122 1185 3202 mundisque.

897 3246 1004 3307 ego
1036 3246 1172 3285 vero
1198 3221 1518 3305 excipiam)
1599 3221 1828 3283 Revera
1856 3229 2057 3283 tamen
2087 3242 2213 3283 non
2244 3221 2607 3300 excipiebat:
2636 3239 2779 3281 nam

819 3349 946 3389 una
1001 3329 1109 3389 illa
1157 3329 1386 3388 Graeca
1430 3345 1595 3388 sacra
1613 3372 1632 3403 ,
1673 3335 1745 3386 ut
1785 3327 1851 3387 in
1888 3326 2024 3406 lege
2054 3326 2288 3387 dictum
2319 3334 2482 3403 erat,
2521 3326 2777 3406 excipie-

816 3433 1067 3510 bantur-3
1109 3430 1411 3491 Eleusinia
1437 3438 1642 3491 autem
1670 3431 1978 3511 mysteria,
2016 3433 2328 3493 nocturnis
2349 3432 2576 3511 quippe
2601 3431 2781 3491 sacris

818 3534 1153 3610 celebrata,
1193 3533 1356 3608 tolli,
1405 3534 1543 3593 satis
1576 3542 1822 3614 apparet
1865 3554 1941 3595 ex
1983 3534 2105 3597 fine
2142 3535 2326 3595 huius
2349 3535 2490 3615 Cap.
2566 3535 2777 3614 ltaque

820 3655 1137 3717 perperam
1190 3634 1448 3695 Moserus
1497 3636 1892 3715 reprehendit
1939 3657 2039 3699 eos
2054 3684 2074 3714 ,
2112 3637 2223 3717 qui
2260 3637 2416 3698 alius
2446 3638 2568 3699 alio
2601 3637 2777 3700 modo

823 3740 908 3801 sic
935 3738 1119 3798 edere
1145 3737 1455 3812 volebant,
1482 3744 1552 3797 ut
1576 3746 1830 3799 exstaret
1858 3739 1976 3801 hoc
1990 3786 2009 3816 ‚
2039 3760 2162 3802 non
2191 3741 2393 3821 excipi
2421 3742 2529 3802 ista
2557 3740 2779 3802 aCice-

819 3862 988 3904 rone.
1071 3839 1227 3900 Fieri
1261 3847 1455 3920 potest
1487 3849 1561 3901 ut
1591 3842 1886 3904 nonnulla
1923 3843 2261 3904 exciderint
2280 3890 2295 3904 .
2337 3852 2406 3904 ut
2432 3865 2489 3904 v.
2519 3864 2574 3906 c.
2609 3845 2779 3905 locus

819 3947 907 4008 sic
957 3945 1316 4026 compositus
1360 3943 1548 4005 fuerit
1562 3991 1583 4022 ,
1623 3946 1757 4028 Ego
1793 3967 1928 4007 vero
1962 3950 2259 4029 excipiam
2296 3951 2601 4009 nocturnis
2636 3948 2781 4008 eub-

821 4052 981 4114 latt's.
1076 4050 1211 4130 Ipsa
1261 4048 1564 4110 Eleusinia
1617 4069 1787 4113 sacra
1826 4071 2161 4132 numquam
2213 4051 2461 4116 Romam
2497 4052 2779 4114 translata

822 4153 1100 4215 fuerunt:
1144 4153 1388 4215 Sueten.
1428 4152 1636 4215 Claud.
1677 4153 1777 4219 25.
