3131 5032
1047 452 1190 521 Lm.
1236 453 1307 538 1,
1361 449 1474 538 18,
1522 454 1632 519 49.
2196 452 2324 519 417

375 659 507 745 ὄρσο
536 671 601 722 et
633 663 761 743 ipss
789 657 919 741 ille)
948 660 1123 722 docte
1158 655 1481 737 disputavit
1517 652 1847 733 Madvigius
1873 653 2086 733 opusc.
2116 674 2177 735 p.
2201 654 2339 715 131:

371 765 488 843 qui
520 773 725 825 tamen
759 783 963 840 secus,
1002 761 1258 823 utmihi
1299 759 1578 834 videtur,
1621 758 2033 838 exemplorum
2065 759 2338 819 multitu-

375 864 526 928 dine
559 865 971 926 dirimendum
1007 882 1130 923 esse
1163 862 1404 935 statuit,
1444 880 1568 940 quo
1609 859 1789 919 modo
1823 861 1886 918 in
1912 862 2161 940 singulis
2194 861 2341 922 locis

377 977 535 1028 esset
569 968 913 1048 legendnm.
993 964 1401 1026 Nihilominus
1433 962 1754 1022 discrimen
1781 962 1899 1023 hoc
1929 983 2054 1024 esse
2086 966 2304 1043 poterit
2320 1010 2339 1042 ,

381 1079 455 1131 ut
500 1072 603 1132 ius
653 1075 778 1152 ipss
821 1070 1059 1131 dicatur
1098 1068 1177 1129 ad
1219 1065 1752 1146 distinguendum,
1793 1086 1916 1125 non
1950 1067 2140 1126 alium
2173 1087 2335 1146 esse;

381 1174 509 1253 ipss
558 1173 658 1232 illo
677 1218 694 1248 ‚
734 1171 972 1231 dicatur
1013 1190 1125 1250 pro
1156 1189 1272 1250 per
1300 1190 1362 1228 ee
1378 1212 1397 1244 ,
1436 1189 1547 1227 sua
1573 1178 1774 1248 sponte
1792 1213 1810 1244 ‚
1848 1169 1917 1227 in
1950 1169 2341 1247 oppositione.

383 1274 482 1334 Sic
513 1275 591 1335 ad
622 1274 754 1335 niv.
791 1273 901 1350 vl,
955 1272 993 1333 4
1013 1318 1030 1348 ,
1070 1271 1144 1348 4,
1184 1292 1365 1351 quum
1397 1271 1540 1351 plus
1584 1272 1654 1329 in
1696 1271 1999 1330 ”tacendo
2037 1272 2184 1330 mali
2220 1273 2339 1348 eit,

384 1398 561 1458 quam
609 1379 681 1436 in
729 1378 861 1457 ipso
906 1377 1040 1451 ino,
1080 1374 1239 1453 quod
1282 1375 1555 1433 timetur.-
1594 1373 1700 1433 alii
1736 1392 2086 1453 perperam,
2126 1375 2197 1433 in
2234 1374 2341 1435 illo

382 1481 548 1561 ipso.-
602 1478 928 1557 opponitur
991 1477 1187 1556 ipsum
1250 1475 1417 1555 quod
1468 1476 1716 1537 timetur
1732 1522 1751 1554 ‚
1808 1496 1920 1556 per
1965 1496 2029 1537 se
2046 1522 2066 1553 ‚
2124 1479 2346 1540 timori.

386 1580 542 1640 Hinc
594 1581 840 1640 fortasse
886 1579 965 1640 ad
997 1579 1129 1640 niv.
1164 1577 1307 1655 Vll,
1346 1576 1455 1653 28,
1496 1577 1534 1637 3
1552 1622 1572 1654 ,
1611 1597 1720 1638 nec
1753 1599 1886 1638 vero
1918 1599 2078 1640 nunc
2114 1580 2350 1660 quidem

387 1683 563 1764 culpa
594 1684 666 1741 in
700 1703 767 1742 σο
792 1677 1089 1765 (Caesare)
1118 1692 1230 1758 eet,
1269 1683 1341 1741 in
1374 1682 1549 1742 cuius
1563 1691 1850 1761 potestate
1876 1683 2084 1742 omnic.
2103 1693 2243 1743 sunt
2269 1716 2351 1729 —

386 1788 519 1846 nisi
553 1787 722 1867 sono
765 1785 835 1844 id
865 1786 1062 1866 ipsum
1095 1806 1216 1845 esee
1243 1804 1364 1843 non
1391 1783 1629 1859 debuit,
1667 1783 1997 1863 legendum
2025 1786 2222 1865 ipsum
2254 1786 2355 1844 id.-

389 1888 761 1968 significatur
811 1888 977 1947 enim
1029 1886 1282 1947 nimiam
1314 1885 1487 1946 illam
1520 1885 1779 1947 Caesaris
1807 1887 2135 1966 potentiam
2168 1888 2357 1967 ipsam

393 2011 504 2072 per
553 2010 616 2051 se
634 2036 652 2067 ‚
704 1989 888 2051 etiam
937 2009 1062 2050 non
1108 1989 1325 2050 habita·
1363 1989 1598 2050 ratione
1649 1988 2168 2051 incommodorum
2201 2009 2360 2071 quae

392 2093 540 2154 inde
598 2094 873 2155 oriantur
888 2136 909 2169 ,
964 2111 1088 2152 esse
1143 2090 1724 2171 reprehendendam.
1821 2091 2006 2152 Recte
2043 2093 2213 2153 Tusc.
2258 2092 2324 2152 11
2338 2136 2360 2169 ‚

395 2196 439 2258 3
457 2242 480 2275 ‚
518 2198 559 2258 7
575 2241 594 2273 ,
634 2198 780 2276 quic
801 2195 1157 2278 profitentia
1185 2196 1310 2276 ipsi
1353 2195 1454 2254 illi
1470 2240 1489 2271 ,
1530 2196 1639 2274 qui
1670 2217 1767 2254 eos
1799 2191 2027 2277 (libros)
2060 2196 2362 2256 scribunt.-

403 2299 727 2380 opponitur
747 2296 916 2378 quod
946 2300 1069 2380 ipsi
1085 2343 1103 2374 ,
1140 2318 1247 2359 sna
1274 2305 1508 2379 sponte,
1536 2298 1918 2378 profitentur,
1958 2297 2189 2358 iudicio
2220 2298 2366 2361 alio·

406 2420 548 2461 rum
597 2398 676 2458 de
736 2399 907 2459 libris
966 2399 1121 2459 illis:
1154 2405 1295 2460 ,nec
1346 2400 1482 2460 satis
1530 2407 1661 2460 erat
1716 2399 2013 2460 Orellium
2077 2407 2367 2461 annotare

407 2503 579 2564 hunc
627 2500 904 2564 ordinem
955 2523 1099 2563 vere
1151 2501 1610 2563 Ciceronianam
1660 2522 1802 2564 esse.
1897 2501 2081 2562 Recte
2121 2522 2366 2582 quoque

405 2625 587 2686 supra
639 2605 778 2685 Cap.
819 2605 932 2681 10,
974 2604 1092 2682 28,
1129 2616 1271 2665 sunt
1323 2605 1465 2666 leaeo
1517 2607 1782 2682 maiora,
1840 2627 2018 2685 quam
2054 2607 2187 2687 ipsu
2223 2606 2369 2684 illa,

408 2731 557 2790 quae
607 2709 861 2769 aliorum
908 2728 1089 2768 causa
1126 2709 1392 2789 sonasse
1440 2709 1867 2789 complecteris.-
1919 2716 1988 2768 ut
2030 2708 2272 2769 fortasse
2300 2709 2368 2770 in

408 2811 592 2872 simili
640 2812 777 2872 loco
833 2810 1261 2889 corrigendum
1321 2811 1431 2888 sit,
1489 2811 1569 2871 ad
1617 2811 1749 2873 niv.
1801 2811 1894 2871 111
1914 2857 1932 2887 ‚
1986 2810 2092 2888 13,
2137 2812 2166 2870 1
2187 2856 2206 2888 ‚
2261 2811 2372 2871 ubi

410 2933 578 2976 nunc
623 2913 754 2973 sine
804 2914 1089 2975 varietate
1138 2914 1390 2993 legitur,
1449 2914 1592 2975 haec
1641 2914 1795 2974 mila·
1846 2915 2134 2994 ampliora
2189 2914 2373 2974 multo

411 3028 586 3093 sunt,
625 3037 805 3096 quam
835 3018 943 3079 illa
975 3020 1140 3099 ipsa,
1170 3030 1412 3099 propter
1438 3039 1587 3098 quae
1625 3018 1769 3079 haec
1805 3018 2160 3077 laborantur.
2239 3015 2375 3094 sio,

412 3128 483 3181 nt
520 3139 714 3181 unum
760 3121 1141 3200 alterumque
1190 3121 1395 3181 locum
1426 3122 1717 3199 attingam
1750 3120 1828 3180 de
1861 3120 1934 3180 iis
1972 3138 2123 3200 quos
2152 3117 2374 3178 Madvi-

413 3223 548 3302 gius
601 3222 926 3299 indicavit,
986 3222 1187 3284 Milon.
1242 3222 1345 3299 19,
1404 3223 1483 3285 50
1495 3268 1515 3299 ,
1576 3225 1703 3305 ipse
1751 3225 1853 3284 ille
1895 3223 2090 3296 locus,
2130 3241 2255 3282 non
2287 3228 2376 3281 est

414 3326 701 3388 indicatio
713 3350 732 3406 3
777 3326 982 3387 locum
1005 3326 1183 3387 illum
1207 3345 1317 3406 per
1344 3346 1439 3403 se,
1470 3326 1710 3388 exclusa
1736 3327 1920 3387 etiam
1948 3324 2187 3405 reliqua
2210 3322 2381 3385 omni

413 3429 751 3509 suspicione
767 3474 786 3504 ‚
839 3428 1125 3489 facinoris
1169 3428 1412 3506 culpam
1461 3428 1752 3487 sustinere
1800 3425 2078 3506 potuisse.
2164 3425 2378 3505 Neque

416 3530 536 3591 hoc
567 3530 1002 3610 negligendum
1028 3539 1143 3608 est,
1167 3531 1538 3611 peculiarem
1569 3550 1694 3591 esse
1723 3549 1963 3590 causam
1984 3547 2196 3589 eorum
2220 3528 2377 3590 loco·

418 3651 560 3692 rum
580 3677 599 3707 ‚
636 3633 705 3692 in
734 3634 956 3711 quibus
985 3634 1088 3693 ille
1107 3680 1125 3709 ,
1161 3634 1494 3695 secundnm
1525 3634 1731 3694 locum
1766 3641 2010 3711 tenens,
2051 3631 2379 3694 arctissime

421 3734 707 3795 cohaeret
760 3755 901 3796 cum
960 3737 1232 3815 proximo
1289 3738 1655 3798 substantivo
1671 3783 1689 3814 ‚
1745 3757 1948 3817 neque
1998 3739 2123 3818 ipss
2139 3782 2158 3813 ,
2214 3734 2381 3814 quod

425 3844 857 3917 praeponatur,
895 3838 962 3898 in
988 3858 1172 3898 unam
1206 3840 1513 3902 indicandi
1541 3840 1849 3901 notionem
1874 3840 2206 3901 coalescere
2236 3856 2383 3898 cum

427 3940 550 3999 6110.
632 3938 753 4000 Hoc
788 3940 975 4017 igitur
998 3943 1268 4003 cernitur
1295 3944 1450 4005 Sext.
1476 3944 1586 4020 30,
1619 3944 1731 4020 66,
1760 3943 1852 4026 (in
1885 3942 2106 4023 quibus
2131 3939 2383 3999 distrahi

432 4063 557 4104 non
576 4050 851 4121 poterant
871 4045 968 4103 illi
986 4047 1261 4126 popndari
1277 4045 1589 4128 sacerdoti)
1616 4054 1680 4106 et
1697 4044 2103 4126 54,116,(2·110
2128 4044 2384 4104 maxims

433 4145 692 4226 ludius),
734 4154 1064 4229 utrumque
1103 4169 1244 4211 cum
1284 4150 1651 4212 contumelia
1692 4148 1943 4210 dictum.

2048 4250 2128 4312 27
