3131 5032
682 440 811 508 320
1388 435 1522 503 Lm.
1570 438 1632 523 1,
1683 444 1760 523 5,
1821 439 1918 507 17.

676 666 774 705 sae
817 645 908 703 rei
928 665 995 724 p.
1008 666 1038 717 ,·
1085 641 1188 703 sed
1222 650 1488 723 poterat,
1528 655 1596 703 ut
1626 655 1808 704 totum
1844 662 2058 723 corpus
2088 655 2293 704 curent
2325 647 2640 709 univer-mn

675 750 763 808 rei
786 769 854 828 p.
936 748 1030 807 Ita
1058 747 1217 807 Orat.
1254 747 1315 824 1,
1350 745 1421 823 4,
1456 748 1533 808 16
1568 747 1721 806 dixit
1747 768 1820 807 ex
1850 749 2013 806 omni
2041 749 2324 809 memoria
2352 760 2638 828 aetatum,

670 872 796 912 non
825 852 1087 909 omnium
1109 861 1367 910 aetatum
1385 876 1404 909 :
1435 859 1498 911 et
1524 859 1657 909 tum
1685 870 1849 909 omne
1879 862 2101 931 tempus
2129 853 2372 928 aetatis,
2402 853 2636 914 Seneet.

677 952 743 1029 l,
769 952 845 1029 2,
881 962 1014 1013 tum
1049 954 1250 1035 degero
1278 973 1502 1013 omnem
1533 963 1813 1028 aetatem,
1850 951 1975 1013 Fin.
1998 953 2089 1028 11,
2108 954 2217 1030 35,
2243 952 2377 1015 118.
2418 955 2630 1034 Neque

671 1056 1098 1117 confundenda
1132 1077 1274 1117 eum
1307 1057 1402 1117 his
1427 1063 1565 1116 sunt
1594 1075 1752 1135 quae
1786 1075 1898 1134 per
1932 1057 2181 1117 auxesin
2207 1057 2292 1117 sie
2323 1057 2632 1119 collocan-

675 1168 807 1236 tur,
849 1168 920 1219 ut
955 1181 1150 1220 omnes
1184 1162 1447 1219 omnium
1482 1161 1784 1220 cavitates.

747 1266 818 1322 in
856 1284 1109 1344 parvum
1161 1264 1466 1344 quemdam
1520 1274 1578 1322 et
1626 1274 1942 1346 angustum
1988 1264 2180 1324 Iocum
2224 1263 2634 1348 concludatur)

667 1365 859 1425 Minus
887 1375 1051 1427 reete
1082 1365 1328 1426 Beierus
1362 1366 1440 1426 ad
1476 1364 1641 1427 Offio.
1678 1366 1743 1442 Ι,
1791 1364 1903 1442 17,
1945 1366 2024 1426 53
2061 1365 2154 1449 (in
2200 1370 2480 1450 exiguum
2517 1390 2634 1430 an-

660 1481 1012 1551 gustumque
1047 1467 1443 1548 concluditur)
1471 1470 1538 1529 in
1565 1469 1660 1529 his
1697 1470 1889 1529 locum
1917 1478 2092 1549 putat
2118 1491 2243 1530 esse
2267 1471 2630 1551 disputatio—

665 1592 842 1632 nem:
899 1573 1059 1633 nihil
1105 1582 1195 1634 est
1240 1574 1356 1632 nisi
1393 1574 1652 1652 spatium
1673 1619 1689 1648 ‚
1729 1572 1897 1651 quod
1929 1573 2221 1651 exiguum
2254 1584 2511 1654 occupat
2539 1576 2634 1634 ius

666 1676 849 1736 civile
903 1677 970 1734 in
1020 1677 1126 1737 illa
1180 1677 1448 1736 universi
1503 1677 1654 1736 iuris
1686 1676 2186 1738 consideratione.
2268 1677 2385 1737 Sed
2420 1678 2487 1738 in
2523 1679 2634 1739 illo

665 1776 1012 1839 Officiorum
1042 1778 1176 1839 loeo
1207 1779 1464 1858 exiguus
1498 1799 1788 1839 numerus
1820 1779 2185 1857 intelligitur
2221 1801 2432 1841 eorum
2469 1783 2632 1842 inter

665 1901 816 1961 quos
850 1882 957 1942 illa
991 1883 1206 1942 caritas
1239 1889 1406 1944 emet.
1437 1882 1519 1929 -‘-
1548 1882 1861 1957 Ceterum,
1901 1881 2067 1960 quod
2090 1890 2221 1961 post
2250 1885 2640 1945 concludatur'

664 1987 731 2044 in
764 1986 1042 2045 omnibus
1093 1986 1221 2046 sere
1271 1987 1422 2046 meis
1476 2005 1720 2065 quoque
1769 1984 1940 2044 libris
1980 1985 2315 2046 addebatur
2347 1999 2595 2047 notum
2608 2032 2629 2064 ,

662 2096 861 2149 ortum
911 2097 1063 2167 puto
1111 2109 1186 2148 ex
1237 2109 1405 2168 sequ.
1442 2101 1690 2165 natura,
1739 2089 1843 2149 eui
1882 2090 2105 2150 vocalis
2147 2110 2313 2170 sequ.
2350 2091 2633 2153 vocabuli

662 2192 1032 2253 adhaeserat.
1113 2192 1324 2271 Neque
1358 2193 1522 2251 enim
1544 2239 1559 2266 ,
1600 2192 1768 2271 quod
1802 2193 2084 2254 Emestus
2118 2194 2385 2271 volebat,
2426 2193 2630 2257 locum

664 2293 843 2353 illum
880 2301 1200 2371 angustum
1239 2292 1484 2352 definiri
1517 2294 1859 2372 oportebat,
1900 2314 2016 2355 nee
2046 2308 2294 2356 naturae
2326 2296 2436 2356 ille
2462 2295 2630 2357 loeus

656 2404 828 2474 erat,
870 2396 975 2455 sed
1016 2395 1466 2481 disputationis,
1508 2405 1615 2457 aut
1656 2398 1906 2458 omnino
1944 2398 2317 2478 disciplinae.

744 2501 925 2584 leges,
969 2501 1183 2581 quibus
1214 2503 1488 2562 civitates
1515 2503 1646 2583 regi
1680 2499 1949 2584 debeant)
2028 2500 2346 2582 Perperam
2373 2503 2628 2564 Moserus

662 2605 816 2687 leges
849 2605 1284 2684 interpretatur
1315 2606 1520 2683 legum
1555 2612 1860 2665 naturam:
1905 2607 2060 2665 iuris
2093 2614 2308 2667 natura
2338 2606 2627 2686 explicari

660 2715 923 2786 poterat:
955 2708 1330 2786 singularum
1355 2708 1559 2786 legum
1588 2708 1832 2787 proprie
1863 2708 2035 2769 nulla
2062 2716 2150 2768 est
2184 2717 2418 2769 natura.
2478 2709 2626 2769 Cou-

660 2810 966 2871 iunetivus
1019 2812 1261 2871 debeant
1311 2831 1385 2871 eo
1435 2831 1497 2870 se
1553 2818 1762 2871 tuetur
1779 2858 1798 2888 ,
1838 2812 2005 2891 quod
2047 2812 2297 2872 relativa
2332 2811 2629 2873 sententia

661 2934 784 2975 non
809 2913 1220 2975 definitionem
1252 2913 1522 2975 eontinet
1537 2959 1555 2990 ‚
1584 2914 1689 2974 sed
1718 2914 2080 2975 destinatum
2108 2915 2629 2977 demonstrationis

656 3017 979 3077 eonsilium
997 3063 1017 3094 ,
1074 3017 1247 3097 quasi
1301 3016 1498 3092 dieat,
1555 3018 1777 3097 quibus
1828 3017 2141 3080 ostendam
2190 3018 2465 3079 civitates
2496 3020 2625 3098 regi

657 3120 903 3181 debere.

743 3246 894 3305 quae
921 3227 1239 3304 composita
1268 3236 1406 3285 sunt
1435 3236 1493 3284 et
1523 3222 1840 3305 descripta)
1923 3227 2271 3307 Componere
2295 3246 2472 3306 saepe
2500 3223 2626 3285 diei

658 3346 771 3405 pro
826 3326 1236 3403 conscribere,
1276 3336 1443 3388 reete
1478 3327 1726 3407 quidem
1759 3328 1937 3388 docet
1970 3329 2282 3389 Schutzius
2316 3329 2381 3388 in
2416 3327 2627 3387 ludiee

664 3429 894 3490 Latin.:
936 3449 1139 3508 neque
1174 3439 1379 3491 tamen
1424 3431 1757 3491 necessario
1791 3431 2100 3492 scribendi
2133 3433 2399 3492 eontinet
2423 3430 2626 3491 notio-

662 3552 823 3592 nem.
907 3532 1171 3593 Omnino
1221 3533 1449 3594 dieitur
1477 3535 1544 3593 in
1580 3534 1690 3610 iis,
1732 3555 1890 3614 quae
1923 3555 2119 3614 quum
2152 3544 2258 3596 aut
2285 3533 2624 3609 indefinita,

662 3643 768 3695 aut
816 3634 1098 3715 dissipata
1144 3645 1370 3714 esseut,
1423 3637 1489 3696 in
1539 3646 1768 3698 certam
1798 3637 2053 3699 sormam
2074 3646 2149 3699 ‘et
2180 3639 2439 3718 speeiem
2461 3683 2478 3713 ,
2517 3641 2626 3697 aut

663 3738 834 3798 velut
884 3738 950 3798 in
1005 3759 1200 3800 unum
1250 3759 1467 3814 eorpus
1510 3741 1976 3802 contrahuntur.
2076 3741 2227 3800 Hine
2281 3740 2624 3820 compositio

661 3842 1053 3921 disciplinae,
1117 3842 1302 3904 Aead.
1357 3843 1426 3920 1,
1486 3842 1561 3918 4,
1627 3843 1754 3923 17,Ι
1797 3851 1858 3903 et
1900 3846 2256 3924 composita,
2297 3842 2457 3903 infra
2491 3861 2625 3921 cap.

664 3944 774 4022 13,
816 3944 929 4007 39:
986 3953 1047 4005 et
1097 3948 1428 4028 generatim
1473 3967 1812 4026 componere
1859 3947 2019 4007 Orat.
2073 3947 2130 4022 Ι,
2182 3946 2297 4024 41,
2358 3945 2509 4021 186,
2561 3951 2624 4004 et

661 4061 816 4109 ones
877 4071 1211 4132 componere
1231 4097 1249 4125 ,
1308 4049 1387 4109 de
1429 4050 1688 4110 Isocrate
1705 4095 1722 4125 ,
1785 4057 1847 4108 et
1895 4070 2231 4130 componere
2277 4051 2521 4109 invento
2571 4057 2627 4107 et

660 4165 1008 4234 argumetum
1055 4153 1135 4214 de
1178 4159 1431 4216 oratore.
1515 4152 1861 4214 Describam
1893 4153 2046 4233 quid
2077 4154 2152 4213 sit
2169 4200 2189 4231 ,
2232 4161 2361 4212 tum
2395 4152 2628 4213 Cottius
