3131 5032
810 421 940 490 422
1485 415 1628 484 Lm.
1676 416 1740 501 1,
1795 418 1906 502 19,
1952 420 2061 488 51.

807 628 1085 706 consequi
1132 624 1197 684 in
1246 623 1344 685 his
1383 623 1696 686 sententiis
1734 622 2006 701 dicatur,
2048 624 2295 704 exponit
2326 622 2672 704 madvigim
2698 624 2774 686 ad

804 728 933 790 Fin.
966 728 1027 805 l,
1065 727 1175 804 10,
1209 726 1309 788 32.
1345 747 1407 807 p.
1442 726 1546 791 70.
1574 725 1713 788 add.
1741 724 2006 802 Vernis,
2040 725 2159 803 68,
2196 726 2338 803 176,
2375 727 2445 786 do
2478 729 2773 788 nobis-,-

805 832 1102 892 iudicium
1136 840 1539 908 consequatur.
1575 861 1656 874 —
1692 830 1838 907 Ipsa
1869 830 2169 908 infamia,
2210 828 2254 887 i.
2289 849 2344 889 e.
2376 830 2643 891 infamia
2669 851 2774 909 pu·

801 952 866 995 se
882 980 902 1011 ‚
957 954 1066 994 sua
1118 941 1365 1013 sponte,
1418 932 1601 991 etiam
1646 930 1776 992 sine
1813 929 2124 990 sententiis
2156 929 2435 992 iudicum
2450 975 2473 1006 ‚
2513 942 2633 993 aut
2663 934 2775 994 hc-

800 1034 1039 1095 minum
1086 1051 1390 1095 sermone:
1453 1032 1641 1110 igitur
1689 1031 1941 1109 corrigit
1990 1031 2779 1118 quodammodo-ethni·

796 1137 1133 1199 communis
1180 1155 1357 1196 usum
1373 1181 1392 1210 ,
1448 1134 1559 1214 qui
1608 1154 1732 1194 non
1777 1135 1895 1194 nisi
1930 1135 2091 1196 hanc
2123 1136 2445 1218 infamiam
2476 1158 2774 1218 agnosce-

796 1242 920 1301 hat.
972 1275 1054 1290 —-
1117 1238 1565 1319 Turpitudinem
1614 1237 1752 1320 (pro
1798 1257 1922 1317 quo
1956 1238 2022 1298 'm
2056 1237 2191 1299 aliis
2223 1247 2312 1300 est
2328 1242 2770 1322 sou-madum,

799 1344 866 1402 in
900 1341 1144 1423 optimis
1190 1342 1341 1402 adeo
1360 1341 1786 1424 fortitudinem
1804 1338 1849 1419 ‚)
1887 1341 2024 1401 satis
2061 1349 2269 1403 tuetur
2298 1351 2429 1404 tum
2460 1344 2602 1425 ipsa
2629 1364 2770 1410 nen-

797 1444 986 1504 tentia
1036 1444 1191 1520 loci,
1242 1450 1374 1504 tum
1429 1442 1559 1503 Pin.
1611 1441 1720 1517 ΙΙ,
1765 1442 1871 1519 19,
1925 1442 2025 1505 60.
2067 1443 2198 1520 111,
2252 1444 2363 1521 11,
2405 1444 2510 1509 38.
2598 1445 2772 1508 Idem

799 1547 1160 1609 vocabulum
1217 1546 1282 1604 in
1333 1544 1474 1607 Cod.
1529 1545 1807 1623 Palimffi.
1844 1544 1930 1604 De
1959 1544 2110 1624 Rep.
2146 1555 2506 1627 corruptum
2540 1558 2678 1610 erat
2705 1551 2767 1611 in

798 1651 1154 1732 turpidinsm
1177 1696 1196 1726 ,
1236 1648 1316 1708 de
1347 1668 1473 1728 quo
1507 1648 1891 1708 Heinrichius
1926 1667 1984 1727 p.
2025 1648 2161 1711 160.
2195 1669 2285 1729 sq.
2597 1689 2620 1700 ·¹
2709 1681 2750 1718 2-

870 1775 1012 1814 nam
1062 1752 1209 1834 quid
1261 1763 1368 1811 aut
1415 1753 1661 1811 laudari
1686 1753 1802 1810 rite
1835 1783 1917 1795 —
1939 1749 2143 1832 putes)
2236 1751 2403 1816 Nihil
2437 1754 2653 1814 verius
2673 1760 2767 1814 αἱ

793 1857 909 1917 hac
941 1863 1183 1935 recepta
1217 1853 1511 1914 lectione:
1554 1860 1616 1912 et
1654 1852 1861 1913 faciles
1894 1860 2036 1913 sunt
2067 1853 2472 1915 aberrationes
2488 1902 2511 1933 ‚
2545 1857 2769 1937 quibus

790 1960 1002 2038 optimi
1063 1958 1243 2018 etiam
1298 1955 1444 2015 libri
1491 1955 1998 2017 contaminantur.
2097 1957 2231 2026 Non
2292 1966 2458 2019 recte
2519 1961 2761 2038 Lagmn.

796 2062 941 2137 120,
981 2061 1197 2120 omisso
1229 2070 1481 2135 natum,
1521 2058 1706 2120 habet
1739 2060 1799 2116 si
1827 2058 1904 2117 ab
1930 2077 1997 2118 eo
2023 2062 2357 2120 reosusn's:
2398 2060 2761 2140 opponenda

794 2163 960 2223 enim
1013 2166 1143 2221 erat
1188 2171 1406 2219 natura
1442 2161 1741 2237 cuiusque
1778 2159 1870 2220 rei
1904 2159 1979 2219 iis
2005 2178 2165 2238 qnae
2205 2160 2352 2228 inde
2382 2180 2760 2242 comequun·

780 2274 914 2326 tur.
948 2297 1031 2313 --
1070 2262 1472 2338 Gom-ennius,
1510 2260 1772 2321 recedere
1814 2281 1854 2321 a
1905 2281 2004 2336 rs,
2055 2261 2291 2342 inquit,
2347 2270 2437 2324 est
2477 2285 2607 2325 mm
2645 2285 2761 2324 non

786 2368 1103 2447 respicere.-
1165 2367 1325 2442 imn,
1380 2366 1440 2425 si
1485 2364 1790 2424 receneris
1827 2371 2063 2425 tantum
2103 2373 2227 2443 est,
2265 2374 2573 2447 quantum
2606 2369 2756 2442 uici,

780 2480 1045 2552 eaecepto.
2053 2528 2058 2533 ,

869 2574 1021 2654 quid
1067 2573 1390 2633 immanius
1442 2568 1720 2649 libidine)
1799 2570 2017 2631 Nullus
2049 2590 2325 2632 meorum
2362 2573 2552 2633 hahet
2586 2576 2755 2653 inffa-

789 2680 978 2751 mius,
1008 2675 1186 2736 cuius
1213 2670 1622 2754 patrocinium
1646 2671 1918 2733 Davisius
1946 2681 2006 2732 et
2033 2673 2315 2735 Ernestus
2345 2684 2751 2757 susceperant:

791 2780 899 2843 sed
931 2780 1208 2853 inanius,
1244 2776 1366 2836 levi
1395 2775 1576 2850 vitio,
1606 2775 1814 2856 (quale
1843 2783 1934 2835 est
1967 2776 2092 2837 Fin.
2128 2776 2235 2852 IV,
2270 2778 2340 2852 9,
2377 2778 2483 2860 23)
2516 2781 2755 2860 Legum.

795 2882 893 2945 10.
973 2881 1091 2942 Sed
1142 2888 1265 2941 tam
1314 2898 1593 2959 perversa
1646 2878 1918 2940 defensio
1975 2899 2155 2940 verae
2206 2881 2514 2959 lectionis,
2574 2903 2753 2966 quam

794 2986 921 3065 ipsa
957 3004 1140 3066 prava
1182 2984 1365 3044 lectio
1403 2983 1766 3062 castiganda.
1849 2984 2044 3062 Igitur
2074 3003 2390 3064 perperam
2421 2986 2758 3067 Wagnerus

793 3090 914 3151 hoc
940 3109 1120 3168 agere
1160 3088 1510 3149 Ciceronem
1537 3095 1739 3166 putat,
1782 3093 1851 3147 ut
1879 3086 2192 3148 infamiam
2225 3108 2300 3148 ex
2332 3096 2591 3152 naturae
2626 3100 2755 3150 tur-

791 3192 1074 3273 pitudine
1117 3199 1308 3253 ortam
1357 3191 1689 3252 confirmet.
1790 3191 1923 3251 lmo
1940 3237 1959 3266 ,
1998 3192 2266 3269 ipsorum
2300 3192 2590 3254 vitiorum
2623 3210 2752 3254 eam

788 3316 918 3357 esse
949 3293 1392 3375 turpitudinem
1410 3341 1429 3371 ,
1468 3302 1539 3354 nt
1571 3294 1640 3353 in
1669 3294 1743 3352 iis
1775 3293 2082 3355 offendant
2108 3295 2408 3373 homines,
2448 3316 2564 3357 nec
2590 3314 2752 3377 prae·

787 3404 959 3458 terea
1003 3394 1339 3476 quidquam
1380 3394 1731 3474 requirant,
1782 3395 1957 3454 cuius
1992 3415 2066 3456 ea
2105 3398 2352 3457 nomine
2391 3399 2752 3478 vituperent.

794 3500 951 3575 Sed,
1006 3507 1072 3559 ut
1120 3498 1399 3577 foedum,
1458 3497 1545 3557 sic
1578 3499 1834 3557 immane
1880 3497 2047 3577 qnod
2080 3507 2203 3575 est,
2239 3500 2508 3561 sensibus
2538 3498 2751 3562 subiici

795 3609 1020 3682 potest:
1060 3607 1123 3660 et
1158 3602 1501 3661 immanitas
1538 3601 1603 3661 in
1640 3607 1893 3680 tyranno
1925 3599 2125 3681 (cuius
2153 3604 2397 3683 propria
2427 3612 2517 3665 est
2541 3598 2752 3680 libido)

796 3702 1023 3765 dicitur
1056 3701 1315 3781 Republ.
1349 3702 1447 3775 11,
1487 3702 1571 3762 26
1590 3749 1607 3776 ,
1650 3701 1748 3765 48.
1830 3703 2086 3764 Ροοᾰιιηι
2118 3714 2283 3767 certe
2315 3706 2400 3766 ita
2426 3706 2551 3766 dici
2581 3708 2749 3768 docet

797 3806 1033 3869 Cottius
1059 3804 1135 3865 ad
1161 3805 1372 3867 Salust.
1399 3806 1639 3867 Catilin.
1656 3806 1787 3883 XV,
1821 3810 1888 3867 5:
1925 3808 2085 3870 conf.
2112 3809 2348 3871 Tacitus
2373 3811 2582 3871 uiator.
2601 3811 2662 3887 l,
2690 3807 2747 3881 7,

794 3920 860 3973 et
909 3910 1241 3972 Gronovius
1288 3908 1366 3969 ad
1403 3909 1501 3986 11,
1540 3910 1641 3971 30.
1722 3910 1873 3971 Tum
1909 3912 2116 3974 Cicero
2145 3911 2362 3993 fragm.
2394 3935 2507 3995 pro
2532 3915 2748 3976 Scauro

801 4018 842 4101 ς
888 4016 981 4079 14.
1023 4015 1124 4076 fin.
1183 4014 1397 4075 videtis
1451 4016 1731 4076 libidines
1783 4018 2084 4082 immanes.
2165 4018 2359 4097 Igitur
2413 4020 2746 4081 immanitas

794 4122 1052 4204 perspici
1084 4126 1311 4200 potest,
1353 4120 1612 4198 infamia
1643 4138 1766 4180 non
1796 4127 2005 4199 potest.
