3131 5032
1137 456 1278 521 Lm.
1324 454 1427 539 11,
1479 453 1599 542 24,
1651 460 1756 526 60.
2289 461 2421 525 569

471 672 568 721 tur
618 660 933 721 Ciceronis.
1034 660 1361 721 offensioni
1407 680 1531 722 non
1580 661 1762 722 fuisse
1813 659 2084 739 videtur,
2128 660 2294 741 quod
2326 680 2430 741 po·

466 772 687 824 strenuo
735 762 1103 824 substantivo
1145 784 1284 839 nec,
1325 763 1627 843 prioribus
1670 785 1744 824 ne
1780 763 2205 844 praemittitur.
2286 764 2433 824 Mihi

470 865 895 943 corrigendum
947 865 1190 926 videtur
1221 887 1329 927 neo
1372 877 1547 927 sume.
1589 898 1672 911 -
1702 886 1812 927 nec
1847 867 2054 948 longae
2077 899 2154 913 -
2179 876 2436 946 praeter·

470 980 712 1044 eantur,
768 969 809 1030 i.
859 989 913 1029 e.
970 968 1037 1028 in
1084 969 1250 1047 lege,
1302 990 1347 1030 s.
1394 968 1545 1029 haec
1591 987 1838 1048 quoque
1872 970 2077 1028 omnia
2116 969 2434 1029 tolluntur.

459 1069 752 1149 >Madvigii
811 1071 918 1131 illa
980 1070 1135 1131 ratio
1202 1071 1640 1149 interpretandi
1703 1078 1834 1131 tum
1897 1070 2139 1130 fortasse
2190 1069 2437 1149 probari

465 1182 695 1253 posset,
735 1174 783 1233 si
822 1174 888 1232 in
923 1174 1174 1253 reliquis
1207 1172 1437 1233 diutius
1466 1172 1749 1233 haesisset
1781 1172 2021 1248 Cicero,
2062 1173 2145 1232 ita
2179 1180 2251 1232 ut
2282 1173 2434 1232 haec

463 1296 631 1336 nunc
666 1276 996 1337 omittenda
1030 1283 1334 1335 censeret.
1377 1275 1584 1335 sedin
1622 1275 1940 1369 praecedd.
1976 1294 2224 1401 quoque
2265 1293 2435 1335 mera

465 1379 824 1458 defungitur
863 1398 1069 1438 rerum
1110 1378 1589 1438 enumeratione.

548 1482 919 1561 significatio
975 1492 1061 1540 est
1114 1480 1310 1539 laudis
1356 1491 1696 1539 momenta
1730 1480 1809 1538 ad
1842 1491 2095 1538 mortuos
2116 1476 2438 1558 μαίων-ε)

473 1582 859 1663 Signifieaeio
879 1628 896 1656 ,
937 1599 1018 1641 sc.
1051 1580 1381 1659 opinionis,
1416 1599 1575 1659 quae
1609 1579 1732 1639 iuis
1770 1580 2140 1657 temporibus
2171 1580 2292 1638 iam
2328 1598 2438 1639 va·-

470 1684 708 1743 luisset:
751 1702 909 1763 quae
940 1683 1184 1743 Beier-us
1220 1682 1296 1742 ad
1336 1680 1605 1758 onim-1,
1651 1684 1762 1758 15,
1804 1682 1919 1757 46,
1960 1681 2239 1760 exempla
2273 1680 2441 1740 indi-

467 1796 602 1862 cat,
661 1786 978 1846 continent
1027 1785 1553 1871 significationem,
1590 1785 1631 1845 i.
1669 1804 1722 1845 e.
1760 1783 2060 1843 indicium
2095 1784 2281 1863 ipsius
2309 1783 2437 1844 rei:

467 1889 573 1950 sed
624 1890 735 1948 iun
785 1889 968 1948 modo
1023 1889 1207 1967 plene
1268 1888 1635 1948 enunciatur
1681 1887 1944 1966 Philipp.
2003 1887 2172 1962 XIV,
2229 1887 2305 1962 2,
2362 1888 2438 1964 6,

465 1993 834 2075 significatio
887 2002 1078 2052 vestra
1132 1993 1282 2050 satis
1329 1992 1621 2066 declarat,
1684 1992 1832 2070 quid
1880 2022 1962 2037 —-
2009 1991 2320 2049 sentiatis:
2377 1996 2441 2048 et

463 2094 784 2175 aliquoties
809 2095 895 2153 ita
922 2094 987 2152 in
1021 2094 1316 2154 Sextiana.
1396 2095 1704 2153 Pertinere
1734 2093 1815 2152 ad
1844 2104 2099 2153 morinos
2111 2138 2131 2169 ,
2165 2100 2251 2152 est
2280 2111 2440 2171 quo-

462 2217 587 2278 que
621 2197 781 2257 Lael.
819 2196 876 2257 4.
917 2197 1034 2255 init

552 2320 825 2360 coronam
874 2300 1090 2357 virtute
1123 2296 1388 2378 paream)
1466 2298 1618 2357 Nam
1665 2298 1924 2358 aliorum
1973 2317 2102 2357 mos
2151 2304 2314 2372 erat,
2367 2305 2440 2357 ut

469 2401 708 2460 coronis
754 2401 953 2459 aureis
999 2400 1289 2477 impositis
1329 2406 1594 2458 sumtum
1630 2399 1864 2459 funeris
1891 2407 2218 2477 augerent,
2258 2399 2439 2458 sicuti

468 2503 534 2562 in
588 2501 874 2562 Castricio
923 2502 1267 2582 Smyrnaei,
1309 2500 1388 2560 de
1434 2521 1558 2580 quo
1598 2522 1709 2580 pro
1750 2501 1941 2561 Flacc.
1982 2500 2098 2576 31,
2138 2500 2239 2562 75.
2320 2501 2438 2562 Sed

468 2625 547 2666 ne
597 2606 749 2666 haec
800 2604 1052 2685 quidem
1103 2606 1229 2684 ipsa
1280 2602 1463 2663 verba
1499 2623 1587 2663 κη
1621 2602 1762 2663 Tah.
1800 2611 1972 2661 sunt:
2013 2602 2172 2663 cons.
2210 2602 2442 2663 Plinius

468 2728 503 2769 a
549 2708 829 2768 Turnebo
881 2709 1116 2769 citatus.
1209 2706 1406 2766 Potest
1451 2725 1526 2765 ex
1563 2706 1700 2784 lege
1732 2705 1990 2765 deducta
2024 2724 2147 2764 esse
2179 2704 2441 2766 formula

467 2813 599 2871 sine
621 2812 849 2890 fraude
866 2809 933 2892 (i.
954 2828 1007 2869 e.
1037 2832 1097 2869 se
1112 2806 1682 2888 fraude.)—·Turn,
1711 2815 1852 2867 ante
1878 2809 2217 2888 impositam
2244 2809 2436 2883 iubet,

470 2912 755 2992 equidem
789 2933 915 2973 non
945 2913 1190 2991 requiro
1225 2912 1338 2986 lex.

555 3017 879 3096 Cum-doque,
914 3015 1072 3094 quod
1105 3026 1229 3074 erat
1246 3015 1608 3095 factitatum
1623 3012 1730 3094 —)
1797 3012 2096 3072 Revocavi
2130 3013 2440 3092 credoque,

467 3118 606 3199 (pro
657 3116 853 3199 mdo)
902 3115 1068 3196 quod
1120 3117 1243 3176 mei
1295 3117 1509 3195 optimi
1560 3116 1808 3176 habent.
1906 3115 2190 3175 Defendit
2239 3123 2442 3175 tamen

467 3221 728 3282 alterum
782 3219 1114 3298 Madvigius
1167 3219 1504 3280 Emendatt.
1551 3240 1613 3299 p.
1657 3218 1756 3280 81.
1796 3238 1882 3297 aq.
1904 3264 1921 3293 ‚
1964 3217 2236 3297 dicitque
2273 3226 2444 3278 extra
2538 3263 2551 3276 .

468 3343 699 3384 nexum
736 3323 1024 3383 orationis
1059 3324 1222 3401 poni.
1305 3324 1437 3383 Non
1472 3331 1676 3381 tamen
1706 3328 2024 3400 propterea
2058 3320 2189 3381 sine
2221 3320 2441 3399 copula

468 3426 590 3487 dici
645 3433 857 3506 potest.
955 3425 1183 3486 Rursus
1245 3427 1462 3505 opusc.
1511 3444 1574 3503 p.
1627 3417 1784 3498 201,
1844 3425 2050 3500 credo,
2106 3423 2439 3503 opinantis,

473 3527 848 3605 frequentius
898 3530 1097 3606 primo
1146 3528 1281 3587 loco
1326 3527 1472 3605 poni
1520 3524 1689 3584 dicit.
1780 3522 1897 3583 Sed
1933 3544 2011 3584 ne
2046 3523 2161 3584 hoc
2187 3523 2441 3602 quidem

473 3628 712 3688 conficit
769 3631 1047 3708 copulam
1098 3630 1300 3689 abesse
1346 3647 1533 3708 posse.
1635 3627 1936 3686 Nimirum
1990 3626 2192 3701 credo,
2243 3645 2440 3706 quum

473 3730 798 3795 ἀσυνδὲτως
840 3733 1123 3810 ponitur,
1163 3731 1423 3792 refertur
1456 3730 1740 3809 cogitatio
1779 3729 1855 3789 ad
1888 3728 2239 3808 praecedd.‚
2284 3730 2442 3790 sicut

473 3832 541 3891 in
594 3833 936 3911 parenthesi
988 3833 1153 3893 Brut.
1203 3833 1320 3907 93,
1378 3833 1524 3894 320:
1586 3840 1651 3894 et
1695 3833 1781 3892 sic
1831 3832 1958 3891 Fin.
2010 3832 2107 3906 11,
2161 3832 2276 3905 35,
2322 3831 2439 3891 119

472 3933 683 4016 (quem
733 3933 900 3993 euim
941 3933 1145 3993 locum
1180 3932 1407 3992 indicat
1441 3933 1662 4009 Madv„
1691 3933 1858 3992 Verr.
1878 3932 1996 4006 IV,
2035 3931 2152 4006 20,
2193 3931 2270 3992 43
2292 3976 2310 4006 ,
2350 3932 2439 3992 ibi

471 4035 641 4095 credo
694 4032 874 4092 fidem
933 4032 1143 4092 haberi
1200 4033 1488 4112 significat
1507 4079 1526 4110 ,
1584 4054 1707 4094 non
1762 4041 1849 4093 est
1907 4031 2207 4110 opinantis
2222 4055 2240 4107 ς
2303 4037 2435 4091 tum

474 4139 693 4199 iterum
746 4134 822 4197 ad
867 4135 1180 4216 praecedd.
1234 4135 1558 4216 refertur:)
1602 4145 1730 4198 tum
1769 4155 1949 4214 supra
1984 4135 2124 4213 Cap.
2158 4132 2275 4209 23,
2316 4133 2438 4208 58,
