3131 5032
893 437 1023 501 548
1557 436 1692 500 Lm.
1741 434 1838 518 11,
1892 441 2007 520 18,
2059 441 2165 504 46.

894 645 1008 705 Sed
1065 643 1402 724 superstitio
1465 642 1544 702 ad
1606 643 1885 703 utendum
1947 642 1991 705 i.
2024 663 2084 724 q.
2141 664 2265 724 qno
2327 646 2515 705 minus
2560 650 2762 704 utamur.

891 749 1214 808 Hominum
1247 746 1531 822 avaritia,
1573 767 1763 826 quae,
1803 757 1874 808 ut
1903 749 2110 808 scribit
2144 748 2328 810 Varro
2359 751 2421 811 L.
2452 750 2510 811 L.
2542 748 2602 812 V.
2627 750 2759 828 p.55.

888 855 1226 914 sacellorum
1269 852 1432 931 fines
1480 854 1848 933 angustiores
1877 853 2186 934 faciebat,
2243 853 2544 933 paullatim
2585 872 2648 912 ex
2686 851 2761 910 ina

889 957 1307 1038 superstitione
1339 976 1400 1015 se
1432 954 1747 1016 liberabat.

968 1066 1087 1122 ista
1119 1060 1455 1121 exciderant
1485 1056 1601 1138 ita)
1677 1058 1898 1118 Mutari
1930 1057 2372 1120 distinctionem
2399 1060 2504 1135 ita,
2541 1066 2601 1119 ut
2626 1055 2761 1116 Attici

886 1165 1069 1224 verba
1119 1183 1155 1223 a
1202 1163 1367 1223 credo
1417 1161 1775 1240 inciperent.
1874 1162 1977 1222 Ita
2028 1164 2229 1240 credo,
2275 1172 2346 1224 ut
2387 1162 2563 1223 ceteri
2608 1177 2759 1220 omnes

886 1266 1236 1340 ediderunt,
1271 1264 1525 1323 ironiam
1553 1283 1677 1322 non
1701 1271 1825 1323 tam
1853 1263 2108 1341 indicat,
2149 1285 2333 1345 quarn
2356 1265 2591 1344 simplex
2613 1260 2758 1322 mdo:

884 1389 1198 1449 quumque
1245 1370 1366 1427 ista
1411 1368 1477 1426 in
1526 1365 1578 1425 l)
1627 1367 1966 1443 omittatur,
2008 1368 2139 1428 fleri
2172 1377 2365 1447 potest
2401 1376 2470 1428 ut
2508 1363 2759 1445 legendum

882 1475 991 1548 sit,
1033 1485 1096 1533 at
1131 1472 1282 1531 mihi
1312 1470 1650 1531 exciderant
1682 1473 1820 1531 ista.
1902 1473 2030 1532 An.
2068 1472 2248 1532 Credo
2285 1506 2387 1532 —.

965 1576 1008 1659 §
1048 1576 1146 1637 46.
1246 1586 1302 1634 et
1352 1594 1458 1654 ego
1503 1575 1573 1632 in
1624 1574 1731 1633 Ιιοο
1766 1576 1930 1633 omni
1958 1595 2215 1634 sermone
2244 1573 2354 1655 --)
2428 1574 2573 1635 Haec
2600 1571 2668 1632 sio
2693 1567 2765 1629 edi

882 1682 1102 1756 solent,
1137 1678 1308 1760 quasi
1342 1688 1397 1737 et
1427 1697 1530 1757 eqo
1558 1676 1947 1755 responderet
1973 1676 2363 1757 praecedenti
2390 1690 2445 1738 et
2468 1675 2767 1759 apertissima

880 1797 1020 1845 sunt
1051 1817 1130 1828 —
1146 1829 1164 1858 ‚
1205 1800 1363 1862 quae
1396 1780 1571 1840 nullo
1601 1780 1849 1841 vinculo
1887 1782 2218 1841 sententiae
2255 1780 2538 1859 coniungi
2565 1781 2768 1859 possunt·

879 1887 1081 1947 Potius
1127 1883 1593 1962 intelligendum
1645 1895 1766 1962 est,
1825 1905 2018 1965 quum
2074 1885 2310 1946 Atticus
2364 1886 2592 1946 dixisset
2632 1901 2691 1942 ea
2725 1898 2769 1938 se

877 1998 1044 2049 tanto
1094 1988 1283 2067 magis
1333 1995 1678 2065 exspectare
1729 1987 1795 2067 (i.
1847 2008 1901 2048 e.
1956 1978 2250 2068 cupidum
2310 2010 2435 2050 esse
2486 1979 2769 2061 audiendi),

876 2090 1042 2171 quod
1079 2098 1140 2149 et
1174 2089 1250 2149 ad
1285 2089 1662 2167 pontificium
1698 2097 1758 2148 et
1797 2088 1873 2148 ad
1908 2090 2090 2150 civile
2123 2092 2221 2151 ius
2257 2092 2639 2170 pertinerent,
2670 2106 2771 2147 con·

874 2193 1099 2254 tinuari
1143 2213 1180 2253 a
1227 2192 1419 2252 Marco
1465 2193 1755 2251 ironiam:
1810 2213 1978 2253 vero.-
2035 2207 2091 2253 et
2140 2199 2407 2276 aper-tiss.
2418 2242 2438 2273 ,
2477 2196 2516 2255 i.
2546 2213 2595 2254 e.
2625 2188 2774 2249 multo

872 2298 1062 2376 magis
1106 2296 1382 2356 omittere
1427 2295 1536 2356 ista
1569 2296 1916 2374 volueram,
1957 2299 2245 2377 quoniam
2282 2308 2423 2359 sunt
2452 2295 2706 2378 impedita
2731 2295 2776 2351 et

872 2400 1157 2460 obscura:
1200 2396 1360 2458 cons.
1391 2397 1531 2476 Cap.
1571 2396 1665 2458 19.
1697 2397 1831 2458 init.
1910 2398 2061 2458 Tum
2091 2407 2222 2478 post
2251 2400 2494 2479 plenam
2519 2400 2775 2475 interpun-

870 2503 1132 2564 ctionem
1151 2548 1169 2578 ‚
1220 2500 1646 2580 corrigendum
1695 2501 1815 2562 Sed
1858 2522 1963 2584 ego
1996 2535 2096 2564 —.
2131 2502 2228 2563 Sic
2259 2523 2442 2585 supra
2472 2502 2537 2581 1,
2571 2498 2673 2576 20,
2704 2493 2778 2558 5³.

867 2607 970 2667 fin.
1014 2605 1227 2666 eodem
1268 2603 1449 2664 modo
1488 2604 1651 2664 redit
1690 2603 1768 2663 ad
1806 2605 1978 2665 seria.

951 2709 1213 2769 tractabo
1268 2739 1349 2752 --
1398 2710 1497 2767 ius
1560 2709 1740 2768 civile
1798 2705 2084 2787 nostrum)
2178 2710 2230 2769 N
2232 2730 2313 2770 on
2368 2704 2779 2788 intelligendum

871 2831 1036 2872 nunc
1081 2812 1176 2871 ius
1227 2811 1443 2886 civile,
1500 2811 1666 2889 quod
1721 2811 2134 2891 opponebatur
2184 2813 2307 2873 iuri
2345 2813 2671 2895 pontificio,
2703 2802 2782 2867 sed

871 2915 1151 2974 universe
1219 2913 1376 2973 illud
1436 2914 1528 2972 ius
1546 2959 1564 2988 ‚
1636 2913 1803 2993 quod
1861 2913 2087 2974 Romae
2138 2916 2399 2979 valebat.
2495 2908 2783 2995 Respondet

872 3018 1037 3077 enim
1088 3017 1169 3077 ita
1221 3015 1299 3075 ad
1353 3035 1459 3093 ea,
1518 3035 1677 3095 quae
1710 3016 1943 3077 Atticus
1976 3027 2319 3097 exspectare
2358 3042 2422 3082 se
2448 3021 2693 3093 dixerat,
2723 3029 2782 3073 ιιο

873 3120 1029 3181 forte
1062 3121 1112 3179 is
1150 3127 1491 3180 accuratam
1524 3119 1604 3179 de
1639 3128 1899 3200 utroque
1931 3141 2156 3200 genere
2183 3124 2335 3184 iuris
2369 3124 2781 3204 disputationem

876 3230 1260 3303 exspectaret.
1314 3251 1392 3267 —-
1441 3223 1514 3282 In
1565 3243 1730 3303 seqq.
1747 3270 1765 3299 ‚
1826 3245 1899 3284 ex
1948 3245 2060 3304 quo
2114 3226 2368 3289 ducatur
2416 3247 2661 3309 quaeque
2710 3239 2781 3282 cm

873 3330 1065 3402 iuris,
1119 3324 1367 3387 defendi
1418 3346 1540 3385 non
1576 3335 1848 3406 possunt5
1893 3347 2007 3388 nec
2038 3336 2242 3390 tamen
2268 3331 2592 3393 Ranconeti
2624 3325 2782 3389 conie-

875 3439 1046 3491 ctura
1089 3429 1362 3507 probari,
1409 3449 1554 3509 pars
1600 3431 1773 3491 iuris.
1871 3432 1945 3492 In
2001 3433 2185 3493 simili
2240 3455 2309 3496 re
2360 3436 2519 3498 Orat.
2567 3433 2659 3509 11,
2692 3427 2782 3501 ³0,

878 3534 1032 3610 130,
1086 3565 1165 3578 —-
1215 3535 1450 3612 capita,
1507 3513 1660 3592 unde
1721 3538 1912 3595 omnis
1969 3538 2049 3596 ad
2105 3560 2330 3600 omnem
2382 3553 2439 3601 et
2489 3557 2705 3601 causan·
2741 3539 2783 3588 οὒ

873 3637 1194 3696 orationem
1247 3635 1571 3713 disputatio
1625 3635 1883 3696 ducitur.
1964 3638 2123 3699 Fieri
2172 3651 2367 3720 potest
2412 3650 2482 3702 ut
2526 3631 2783 3719 scripserit

871 3737 1079 3797 Cicero
1129 3756 1389 3815 quaeque
1436 3736 1770 3815 responsio.-
1820 3738 1994 3798 cuins
2039 3742 2248 3803 vocab.
2283 3743 2451 3822 prior
2488 3762 2648 3821 pars,
2684 3755 2782 3809 m,

868 3848 1134 3921 superest
1190 3839 1256 3898 in
1304 3838 1508 3899 libris:
1568 3847 1870 3918 postrema
1930 3863 2067 3921 pars
2129 3848 2437 3926 corrumpi
2499 3844 2682 3925 potuit
2733 3839 2784 3897 in

869 3966 950 4005 an
998 3946 1185 4020 iuris,
1241 3943 1426 4004 semel
1477 3942 1775 4005 distractis
1825 3945 2099 4026 syllabis,
2138 3949 2304 4010 unde
2342 3951 2407 4010 in
2441 3951 2574 4012 aliis
2603 3953 2682 4009 est
2706 3958 2784 4002 ms

862 4051 921 4108 si
959 4051 1132 4109 ium’s.

945 4155 1053 4231 qui
1105 4152 1267 4211 modo
1321 4152 1563 4231 ingenio
1600 4153 1791 4230 possit
1838 4151 2082 4236 naoveri)
2161 4155 2277 4216 Sed
2308 4158 2443 4238 quis
2475 4176 2595 4218 non
2630 4151 2783 4232 potul
