3131 5032
1349 448 1443 521 29

429 656 645 755 phos»,
670 659 982 754 quitum
1009 671 1241 748 erant,
1273 662 1348 729 in
1383 659 1624 729 locum
1658 684 1884 732 unum
1913 686 2366 753 convocasse,

421 778 744 875 ipsisque
776 797 1206 875 magnopere
1232 793 1251 831 ¹
1288 791 1659 849 auctorem
1688 776 1909 851 fuisse
1942 796 2021 851 ut
2052 781 2370 879 aliquan-

417 892 516 965 do
580 895 1232 965 controversiarum
1288 892 1600 990 aliquem
1661 893 1977 969 facerent
2040 900 2368 989 modum;

424 1012 622 1109 quod
664 1016 727 1083 si
779 1027 1016 1085 essent
1055 1036 1144 1083 eo
1190 1016 1432 1084 animo
1484 1028 1567 1086 ut
1613 1016 1887 1088 nollent
1930 1031 2236 1090 aetatem
2291 1023 2365 1090 in

421 1130 669 1203 litibus
706 1145 1114 1220 conterere,
1152 1156 1364 1232 posse
1400 1139 2004 1208 remconvenire:
2048 1151 2119 1208 et
2153 1137 2367 1209 simul

416 1274 713 1350 operam
749 1276 949 1323 suam
985 1251 1121 1322 illis
1158 1276 1312 1323 esse
1346 1253 1776 1351 pollicitum,
1813 1259 1871 1325 si
1904 1271 2147 1354 posset
2178 1260 2365 1330 inter

413 1393 538 1441 eos
575 1370 872 1468 aliquod
897 1381 924 1420 ²
967 1375 1371 1443 convenire.
1470 1377 1567 1444 M.
1626 1374 1945 1447 Ioculare
1986 1379 2171 1447 istuc
2209 1380 2370 1473 qui-

414 1487 610 1580 dem,
649 1494 1034 1589 Pomponi,
1074 1505 1149 1562 et
1184 1516 1225 1563 a
1260 1491 1502 1563 multis
1541 1517 1752 1592 saepe
1788 1493 2126 1567 derisum.
2227 1496 2366 1568 Sed

416 1631 552 1704 ego
596 1608 808 1707 plane
858 1608 1112 1680 vellem
1171 1634 1286 1680 me
1336 1609 1691 1682 arbitrum
1752 1615 1942 1684 inter
1990 1617 2364 1710 antiquam
2412 1692 2419 1700 ,

414 1725 866 1801 Aoedemiam
902 1742 974 1800 et
1011 1734 1372 1800 Zenonem
1412 1728 1683 1801 datum.
1792 1734 1935 1804 Att.
2007 1735 2174 1822 Quo
2213 1747 2367 1805 tan·

406 1845 574 1919 dem
633 1850 819 1919 istuc
871 1847 1136 1919 modo?
1241 1853 1337 1920 M.
1408 1851 1595 1939 Quia
1641 1848 1732 1922 de
1790 1875 1869 1922 re
1923 1876 2066 1923 una
2122 1851 2359 1923 solum

408 1964 792 2056 dissident,
859 1967 949 2039 de
1007 1971 1258 2040 ceteris
1312 1967 1608 2041 mirifice
1671 1983 2103 2066 congruunt.
2213 1974 2356 2042 Att.

404 2087 560 2157 Ain’
600 2087 940 2161 tandem?
989 2111 1227 2159 unane
1269 2101 1377 2159 est
1410 2096 1436 2135 ³
1491 2088 1727 2160 solum
1764 2088 2159 2161 dissensio?
2256 2095 2352 2162 M.
2424 2113 2510 2166 54.

400 2210 603 2296 Quae
654 2206 949 2304 quidem
1010 2206 1097 2279 ad
1149 2232 1301 2279 rem
1350 2212 1738 2305 pertineat,
1796 2234 1961 2282 una.
2061 2212 2352 2311 Quippe

398 2351 634 2424 quum
671 2330 955 2423 antiqui
997 2351 1277 2417 omneS,
1328 2326 1529 2424 quod
1581 2327 1977 2399 secundum
2023 2343 2352 2402 naturam

401 2461 619 2537 esset,
678 2470 831 2545 quo
888 2449 1301 2519 iuvaremur
1341 2450 1418 2518 in
1469 2451 1648 2537 vita,
1707 2447 1986 2522 bonum
2032 2473 2186 2522 esse
2231 2448 2355 2522 de-

398 2571 787 2657 creverint,
837 2565 988 2657 hic,
1038 2570 1179 2638 nisi
1213 2567 1412 2664 quod
1452 2567 1841 2641 honestum
1877 2584 2092 2659 esset,
2143 2585 2351 2669 puta-

403 2691 548 2757 rit⁴
588 2687 888 2759 bonum.
985 2690 1129 2760 Att.
1201 2692 1493 2759 Parvam
1519 2709 1546 2746 ⁸
1584 2713 1754 2760 vero
1786 2693 2351 2786 controversiam

402 2802 616 2894 dicis»,
637 2830 718 2878 ac
738 2831 887 2879 non
911 2831 1101 2896 eam,
1127 2830 1312 2902 quae
1337 2805 1622 2879 dirimat
1646 2806 1914 2881 omnia!
1979 2812 2075 2879 M.
2112 2808 2348 2881 Probe

404 2923 699 3021 quidem
745 2929 964 2998 sentis
1016 2930 1075 2997 si
1121 2949 1231 3014 re,
1281 2950 1366 2997 ac
1411 2949 1559 2996 non
1602 2924 1842 2997 verbis
1900 2926 2347 3000 dissiderent.

396 3047 539 3116 Att.
590 3049 778 3145 &go
804 3047 1160 3118 assentiris
1188 3043 1548 3117 Antiocho
1576 3041 1905 3118 familiari
1940 3070 2136 3136 meo,
2169 3045 2350 3142 (ma·
2416 3074 2550 3132 m,

395 3168 624 3262 gistro
673 3169 866 3238 enim
914 3189 1061 3237 non
1109 3165 1341 3236 audeo
1376 3163 1646 3263 dicere)
1692 3190 2012 3262 quocum
2048 3168 2223 3255 vixi,
2274 3179 2347 3239 et

395 3288 525 3380 qui
577 3309 695 3357 me
740 3309 830 3358 ex
874 3288 1137 3357 nostris
1181 3309 1409 3383 paene
1458 3285 1794 3357 convellit
1837 3284 2175 3374 hortuliS,
2228 3285 2350 3359 de-

396 3401 749 3501 duxitque
812 3408 889 3475 in
953 3404 1404 3477 Academiam
1463 3404 1917 3504 perpauculis
1973 3405 2345 3505 passibus?

391 3526 489 3593 M.
552 3527 687 3595 Vir
718 3528 851 3596 iste
888 3522 1023 3596 fuit
1055 3525 1171 3597 ille
1198 3522 1492 3622 quidem
1529 3524 1847 3625 prudens
1879 3539 1950 3597 et
1978 3540 2231 3597 acutus
2271 3541 2345 3599 et

393 3645 472 3711 in
508 3669 644 3715 suo
678 3669 940 3742 genere
975 3643 1367 3744 perfectus»,
1414 3645 1776 3742 mihique,
1821 3660 1904 3717 ut
1941 3650 2109 3736 scis,
2149 3644 2349 3721 fami-

391 3759 622 3854 liaris3
673 3768 793 3836 cui
835 3778 1076 3839 tamen
1122 3791 1257 3864 ego
1301 3769 1646 3838 assentiar
1684 3770 1760 3837 in
1792 3766 2157 3857 omnihus,
2210 3792 2345 3839 nec

453 4067 472 4103 ¹
506 4082 698 4135 magno
731 4081 905 4134 opere.
992 4066 1015 4102 ²
1051 4063 1273 4130 aliquid.
1356 4067 1379 4100 ³
1414 4080 1515 4114 una
1547 4063 1613 4114 de
1644 4079 1698 4114 re
1726 4072 1839 4123 est„
1910 4065 1933 4102 ἱ
1969 4061 2104 4113 nihil
2142 4063 2347 4130 putarit.

380 4149 410 4186 ⁸
440 4149 762 4217 Perpau-nm.
