3131 5032
1125 460 1267 531 Lm.
1315 461 1383 547 1,
1439 463 1550 548 18,
1597 464 1706 532 49.
2253 462 2382 532 415

424 670 831 737 Ruhnkeniuo
861 668 943 730 ad
969 668 1122 732 vell.
1150 667 1274 730 Pat.
1303 668 1402 745 11,
1429 668 1543 746 78,
1585 669 1639 733 1.
1668 698 1750 714 —
1779 667 2127 729 Ablativum
2142 713 2162 746 ,
2197 667 2398 747 qualis

425 778 531 839 hio
580 784 670 838 est
719 775 1123 835 emolumenta}
1173 774 1501 854 expetitur,
1540 774 1627 833 sio
1666 773 2089 852 aecipiendum
2125 792 2249 832 esse
2266 818 2285 848 ,
2326 779 2400 832 ut

425 881 505 941 sit
526 891 770 962 propter
801 879 1221 953 emolumenta,
1263 878 1420 937 bene
1452 886 1581 956 post
1617 876 1766 938 alios
1798 876 2399 954 monuitMadvigius

427 986 504 1046 ad
558 984 686 1044 Fin.
734 983 804 1056 1,
858 982 969 1057 10,
1021 981 1137 1058 33,
1178 1001 1239 1059 p.
1275 980 1391 1057 735
1437 981 1547 1060 qui
1598 989 1802 1041 tamen
1854 981 2061 1059 paullo
2115 979 2280 1040 infra
2322 978 2398 1040 ad

424 1087 469 1168 §
502 1088 602 1148 36.
637 1107 698 1165 p.
735 1084 816 1146 78
836 1131 855 1161 ,
897 1085 1101 1144 minus
1144 1091 1310 1144 recte
1348 1083 1503 1143 mihi
1545 1084 1788 1144 videtur
1822 1084 2148 1144 excludere
2173 1084 2251 1143 ab
2284 1083 2404 1143 hae

427 1188 925 1268 interpretatione
958 1187 1087 1247 Fin.
1122 1187 1217 1263 11,
1258 1185 1374 1262 26,
1417 1186 1527 1262 83,
1564 1189 1622 1246 si
1638 1188 1951 1268 fructibus
1985 1220 2067 1232 -
2098 1188 2405 1248 amicitiae

427 1294 681 1354 colemus
697 1338 716 1370 ,
755 1309 951 1371 quum
1003 1291 1356 1369 praesertim
1403 1291 1472 1350 in
1504 1292 1878 1370 oppositione
1912 1291 2150 1351 dicatur
2165 1336 2184 1368 ,
2215 1312 2404 1372 prop-

427 1408 516 1457 ter
546 1419 628 1458 se.
660 1428 743 1444 —-
779 1396 1005 1474 suapte
1047 1405 1287 1468 natura,
1340 1393 1509 1473 quod
1560 1395 1865 1454 novissimi
1903 1393 2164 1455 editores
2194 1402 2408 1454 tenue·

426 1509 605 1576 runt,
645 1519 769 1560 non
804 1497 923 1557 nisi
956 1496 1331 1558 deteriorum
1364 1495 1662 1558 librorum
1709 1499 2062 1559 auctoritate
2092 1497 2402 1557 firmatur:

429 1610 491 1663 et
523 1621 716 1682 quum
756 1600 981 1679 reliqui
1014 1599 1281 1660 habeant
1319 1612 1524 1681 sumpte
1543 1646 1562 1676 ,
1604 1601 1742 1661 satis
1775 1602 1926 1661 mihi
1961 1600 2248 1680 praesidii
2278 1608 2410 1660 erat

429 1703 499 1765 in
536 1705 579 1765 C
617 1704 663 1764 E
695 1711 767 1764 ut
800 1703 1044 1764 ederem
1094 1723 1207 1763 sua
1238 1713 1438 1783 sponte
1455 1726 1485 1774 ;
1544 1723 1659 1764 neo
1695 1724 1951 1783 usquam
1968 1748 1987 1780 ,
2028 1703 2095 1763 in
2133 1703 2250 1763 hac
2283 1703 2412 1763 dis-

429 1809 746 1888 putatione
762 1852 781 1884 ,
822 1818 1028 1887 suapte
1064 1816 1283 1866 namra
1323 1805 1721 1885 deprehendi.
1803 1806 1855 1866 N
1857 1827 1928 1868 eo
1945 1853 1964 1883 ,
2006 1816 2077 1867 ut
2108 1807 2377 1886 mpieor
2390 1851 2408 1882 ‚

427 1911 524 1970 his
575 1909 787 1970 formis
836 1919 1038 1988 tuopte
1052 1955 1071 1985 ,
1129 1919 1334 1987 mepte
1352 1953 1371 1984 ,
1428 1907 1598 1969 loeus
1647 1917 1770 1984 est,
1812 1910 1928 1968 nisi
1964 1909 2073 1968 ubi
2116 1909 2410 1988 oppositio

427 2012 683 2092 eogitari
727 2017 955 2090 potest,
1007 2011 1167 2071 siout
1203 2021 1409 2090 suapte
1442 2031 1627 2070 manu
1661 2014 2040 2093 ineffectum
2057 2059 2075 2089 ‚
2117 2013 2158 2071 i.
2195 2032 2250 2072 e.
2283 2030 2408 2072 non

431 2117 631 2179 aliena
676 2133 905 2175 manu:
965 2121 1175 2174 contra
1225 2113 1290 2174 h.
1348 2113 1391 2173 l.
1445 2115 1731 2175 universe
1780 2126 1998 2176 namra
2049 2114 2410 2195 opponenda

434 2230 561 2280 erat
609 2218 1012 2280 emolumentis
1028 2263 1047 2292 ,
1097 2236 1223 2277 non
1251 2215 1486 2277 alienae
1529 2225 1802 2278 naturae.
1835 2251 1917 2264 —
1949 2219 2273 2299 Eaepetitm·
2312 2219 2409 2279 lo-

433 2340 576 2383 cum
630 2340 809 2382 suum
858 2327 1178 2400 propterea
1222 2327 1432 2379 tuetur
1449 2367 1468 2396 ,
1521 2320 1812 2399 quoniam
1857 2327 1980 2381 tota
2028 2321 2180 2382 haee
2223 2340 2409 2400 argu-

435 2424 725 2485 mentatio
789 2431 1061 2482 versatur
1118 2421 1188 2481 in
1250 2441 1324 2483 eo
1341 2466 1360 2498 ,
1427 2430 1497 2482 ut
1561 2422 2006 2483 demonstretur
2074 2444 2258 2503 quam
2329 2424 2410 2485 ob

436 2546 677 2588 eausam
743 2526 1091 2607 expetendae
1159 2525 1280 2585 sint
1348 2526 1635 2585 virtutes:
1699 2534 1796 2602 et,
1867 2535 1940 2587 ut
2007 2528 2409 2588 emolumenti}

434 2631 750 2713 expendere
785 2636 951 2690 recte
989 2628 1218 2689 dicitur
1234 2675 1253 2705 ‚
1294 2629 1380 2689 ita
1429 2629 1645 2689 dubito
1686 2650 1766 2689 an
1809 2636 1977 2690 recte
2017 2630 2255 2691 dicatur
2298 2651 2410 2691 wa

433 2746 635 2817 φυκία
665 2734 1000 2815 expendere.
1081 2732 1278 2811 Igitur
1312 2733 1666 2813 expenditur
1696 2733 1921 2793 vitium
1954 2733 2223 2796 adhaesit
2258 2734 2411 2815 opti-

435 2840 551 2898 mis
579 2837 731 2897 meis
762 2835 952 2897 libris.

517 2960 644 3001 una
676 2942 792 2999 erit
823 2941 1043 3010 virtus,
1078 2959 1228 3018 quae
1265 2939 1504 2999 malitia
1532 2942 1856 3001 rectiuime
1890 2938 2142 3022 dicetur)
2220 2940 2412 3001 Nemo

438 3043 685 3105 videtur
730 3042 983 3103 haesisse
1031 3043 1097 3102 in
1144 3042 1268 3120 hi85
1328 3062 1700 3122 quamquem
1754 3064 1825 3104 ea
1866 3043 2179 3105 affirmatio
2212 3053 2300 3105 est
2333 3044 2412 3104 de

439 3167 566 3208 una
615 3145 841 3205 virtute
858 3190 876 3221 ‚
929 3154 1001 3205 ut
1044 3144 1199 3204 aliae
1231 3145 1486 3206 virtutes
1517 3146 1872 3225 cogitandae
1903 3148 2023 3207 sint
2038 3192 2057 3223 ‚
2098 3166 2256 3227 quae
2287 3168 2413 3207 non

437 3250 706 3310 malitiae
741 3249 989 3309 nomine
1037 3247 1352 3308 dieantur:
1398 3248 1562 3328 quod
1602 3258 1800 3309 tamen
1838 3270 2079 3330 prorsus
2109 3250 2408 3310 alienum:

440 3362 503 3413 et
536 3361 740 3414 tamen
772 3351 859 3411 sio
892 3353 1279 3431 interpretari
1323 3351 1565 3412 videtur
1599 3353 1877 3413 Ernestus
1896 3400 1914 3430 ‚
1956 3354 2245 3433 quoniam
2275 3374 2415 3414 eor-

437 3455 558 3535 riffi
604 3456 846 3518 volebat
891 3457 1146 3517 dicatur.
1227 3455 1607 3532 Necessario,
1647 3457 1807 3517 siout
1851 3458 1918 3517 in
1951 3458 2133 3517 simili
2168 3459 2413 3520 conclu-

439 3558 607 3618 sione
651 3578 834 3635 supra
884 3559 1023 3638 Cap.
1078 3560 1182 3635 15,
1245 3558 1362 3635 42,
1414 3558 1529 3640 (ita
1560 3560 1647 3640 fit
1687 3572 1754 3619 ut
1798 3561 1966 3621 nulla
1998 3564 2080 3621 sit
2110 3560 2412 3642 iustitia),

441 3660 899 3739 corrigendum,
956 3664 1123 3723 nulla
1175 3665 1291 3721 erit
1335 3664 1526 3722 virtue
1545 3710 1562 3738 ‚
1605 3674 1778 3743 atque
1818 3666 2054 3726 malitia
2087 3669 2412 3727 rectissime

443 3765 690 3823 dicetur.
772 3765 970 3842 Atque
1005 3785 1042 3824 e
1075 3765 1249 3825 nullo
1278 3764 1436 3824 libro
1472 3773 1781 3824 enotatum
1816 3768 2051 3845 reperi,
2091 3766 2195 3826 sed
2233 3767 2417 3827 habet

444 3865 710 3945 optimus
760 3884 931 3925 meus
978 3866 1020 3925 C
1039 3911 1058 3942 ‚
1116 3875 1247 3925 tum
1282 3867 1466 3927 Burn.
1501 3871 1588 3926 «5.:
1631 3868 1697 3928 E.
1730 3880 1786 3928 et
1818 3870 2071 3929 malitia.
2156 3869 2418 3929 Platonis

443 3970 650 4030 locum
691 3986 877 4048 quem
922 3989 1102 4048 supra
1137 3969 1414 4047 apposui,
1456 3970 1888 4048 interpretatur
1922 3970 2132 4028 Cicero
2165 3969 2330 4030 Offio.
2352 3972 2413 4048 1,

447 4075 560 4149 19,
602 4072 711 4133 63:
754 4071 904 4133 ibid.
946 4072 1041 4149 11,
1084 4072 1158 4149 3,
1206 4072 1314 4149 10,
1374 4073 1670 4133 malitiam
1718 4075 2074 4154 sapientiam
2117 4072 2412 4134 iudicant.

442 4180 716 4240 Malv'tiae
787 4177 1035 4239 nomine
1097 4176 1528 4254 interpretatur
1590 4178 1884 4236 Graecum
1959 4183 2197 4243 κακίας,
2257 4178 2414 4238 siout
