<?xml version="1.0" encoding="UTF-8"?>
<!DOCTYPE html PUBLIC "-//W3C//DTD XHTML 1.0 Transitional//EN"
    "http://www.w3.org/TR/xhtml1/DTD/xhtml1-transitional.dtd">
<html xmlns="http://www.w3.org/1999/xhtml" xml:lang="en" lang="en">
 <head>
  <title>
</title>
<meta http-equiv="Content-Type" content="text/html;charset=utf-8" />
  <meta name='ocr-system' content='tesseract 3.04.00' />
  <meta name='ocr-capabilities' content='ocr_page ocr_carea ocr_par ocr_line ocrx_word'/>
</head>
<body>
  <div class='ocr_page' id='page_1' title='image "./mtulliiciceroni02bakegoog_0131.png"; bbox 0 0 3131 5032; ppageno 0'>
   <div class='ocr_carea' id='block_1_1' title="bbox 1661 500 1756 572">
    <p class='ocr_par' dir='ltr' id='par_1_1' title="bbox 1661 500 1756 572">
     <span class='ocr_line' id='line_1_1' title="bbox 1661 500 1756 572; baseline 0 0"><span class='ocrx_word' id='word_1_1' title='bbox 1661 500 1756 572; x_wconf 73' lang='lat'><strong>64</strong></span> 
     </span>
    </p>
   </div>
   <div class='ocr_carea' id='block_1_2' title="bbox 553 709 2697 4036">
    <p class='ocr_par' dir='ltr' id='par_1_2' title="bbox 733 709 2689 1053">
     <span class='ocr_line' id='line_1_2' title="bbox 833 709 2689 808; baseline -0.003 -20"><span class='ocrx_word' id='word_1_2' title='bbox 833 722 939 789; x_wconf 93' lang='lat' dir='ltr'><strong>De</strong></span> <span class='ocrx_word' id='word_1_3' title='bbox 981 717 1195 786; x_wconf 80' lang='lat' dir='ltr'><strong>sacris</strong></span> <span class='ocrx_word' id='word_1_4' title='bbox 1236 726 1509 805; x_wconf 86' lang='lat' dir='ltr'><strong>autem,</strong></span> <span class='ocrx_word' id='word_1_5' title='bbox 1560 714 1691 808; x_wconf 90' lang='lat' dir='ltr'><strong>qui</strong></span> <span class='ocrx_word' id='word_1_6' title='bbox 1740 709 1944 783; x_wconf 86' lang='lat' dir='ltr'><strong>locus</strong></span> <span class='ocrx_word' id='word_1_7' title='bbox 1980 722 2175 807; x_wconf 87' lang='lat' dir='ltr'><strong>patet</strong></span> <span class='ocrx_word' id='word_1_8' title='bbox 2209 709 2459 800; x_wconf 71' lang='lat' dir='ltr'><strong>latina,</strong></span> <span class='ocrx_word' id='word_1_9' title='bbox 2509 709 2689 783; x_wconf 85' lang='lat' dir='ltr'><strong>haec</strong></span> 
     </span>
     <span class='ocr_line' id='line_1_3' title="bbox 733 835 2685 927; baseline -0.002 -23"><span class='ocrx_word' id='word_1_10' title='bbox 733 837 824 904; x_wconf 90' lang='lat' dir='ltr'><strong>sit</strong></span> <span class='ocrx_word' id='word_1_11' title='bbox 887 858 1031 905; x_wconf 88' lang='lat' dir='ltr'><strong>una</strong></span> <span class='ocrx_word' id='word_1_12' title='bbox 1071 835 1487 919; x_wconf 88' lang='lat' dir='ltr'><strong>.sententia,</strong></span> <span class='ocrx_word' id='word_1_13' title='bbox 1537 842 1621 899; x_wconf 91' lang='lat' dir='ltr'><strong>ut</strong></span> <span class='ocrx_word' id='word_1_14' title='bbox 1683 841 2199 899; x_wconf 84' lang='lat' dir='ltr'><strong>conserventur</strong></span> <span class='ocrx_word' id='word_1_15' title='bbox 2266 852 2555 927; x_wconf 77' lang='lat' dir='ltr'>semper</span> <span class='ocrx_word' id='word_1_16' title='bbox 2614 845 2685 901; x_wconf 92' lang='lat' dir='ltr'><strong>et</strong></span> 
     </span>
     <span class='ocr_line' id='line_1_4' title="bbox 733 947 2683 1053; baseline -0.002 -30"><span class='ocrx_word' id='word_1_17' title='bbox 733 951 1071 1053; x_wconf 83' lang='lat' dir='ltr'><strong>deinceps</strong></span> <span class='ocrx_word' id='word_1_18' title='bbox 1106 951 1385 1025; x_wconf 87' lang='lat' dir='ltr'><strong>familiis</strong></span> <span class='ocrx_word' id='word_1_19' title='bbox 1418 948 1849 1050; x_wconf 85' lang='lat' dir='ltr'><strong>prodantur,</strong></span> <span class='ocrx_word' id='word_1_20' title='bbox 1882 959 1990 1037; x_wconf 92' lang='lat' dir='ltr'><strong>et,</strong></span> <span class='ocrx_word' id='word_1_21' title='bbox 2019 960 2102 1018; x_wconf 91' lang='lat' dir='ltr'><strong>ut</strong></span> <span class='ocrx_word' id='word_1_22' title='bbox 2133 951 2211 1017; x_wconf 90' lang='lat' dir='ltr'><strong>in</strong></span> <span class='ocrx_word' id='word_1_23' title='bbox 2243 947 2400 1046; x_wconf 88' lang='lat' dir='ltr'><strong>lege</strong></span> <span class='ocrx_word' id='word_1_24' title='bbox 2438 953 2683 1047; x_wconf 85' lang='lat' dir='ltr'><strong>posui,</strong></span> 
     </span>
    </p>

    <p class='ocr_par' dir='ltr' id='par_1_3' title="bbox 578 1065 2689 3075">
     <span class='ocr_line' id='line_1_5' title="bbox 578 1065 2687 1173; baseline 0.001 -34"><span class='ocrx_word' id='word_1_25' title='bbox 578 1086 665 1139; x_wconf 68' lang='grc' dir='ltr'><strong>ιο.</strong></span> <span class='ocrx_word' id='word_1_26' title='bbox 735 1087 1084 1173; x_wconf 87' lang='lat' dir='ltr'><strong>perpetua</strong></span> <span class='ocrx_word' id='word_1_27' title='bbox 1119 1076 1261 1144; x_wconf 90' lang='lat' dir='ltr'><strong>sint</strong></span> <span class='ocrx_word' id='word_1_28' title='bbox 1294 1095 1511 1143; x_wconf 83' lang='lat' dir='ltr'><strong>sacra.</strong></span> <span class='ocrx_word' id='word_1_29' title='bbox 1593 1074 1783 1139; x_wconf 90' lang='lat' dir='ltr'><strong>Haec</strong></span> <span class='ocrx_word' id='word_1_30' title='bbox 1808 1078 1831 1116; x_wconf 84' lang='lat'><strong>¹</strong></span> <span class='ocrx_word' id='word_1_31' title='bbox 1879 1070 2035 1139; x_wconf 90' lang='lat' dir='ltr'><strong>iura</strong></span> <span class='ocrx_word' id='word_1_32' title='bbox 2061 1065 2492 1165; x_wconf 88' lang='lat' dir='ltr'>pontificum</span> <span class='ocrx_word' id='word_1_33' title='bbox 2523 1094 2687 1141; x_wconf 90' lang='lat' dir='ltr'><strong>auc·</strong></span> 
     </span>
     <span class='ocr_line' id='line_1_6' title="bbox 736 1186 2686 1286; baseline -0.001 -24"><span class='ocrx_word' id='word_1_34' title='bbox 736 1195 1021 1264; x_wconf 79' lang='lat' dir='ltr'><strong>toritate</strong></span> <span class='ocrx_word' id='word_1_35' title='bbox 1072 1204 1453 1262; x_wconf 86' lang='lat' dir='ltr'><strong>consecuta</strong></span> <span class='ocrx_word' id='word_1_36' title='bbox 1503 1201 1703 1277; x_wconf 86' lang='lat' dir='ltr'><strong>sunt,</strong></span> <span class='ocrx_word' id='word_1_37' title='bbox 1753 1200 1865 1276; x_wconf 92' lang='lat' dir='ltr'><strong>ut,</strong></span> <span class='ocrx_word' id='word_1_38' title='bbox 1916 1209 2010 1257; x_wconf 90' lang='lat' dir='ltr'><strong>ne</strong></span> <span class='ocrx_word' id='word_1_39' title='bbox 2057 1200 2290 1258; x_wconf 91' lang='lat' dir='ltr'><strong>morte</strong></span> <span class='ocrx_word' id='word_1_40' title='bbox 2329 1192 2549 1286; x_wconf 85' lang='lat' dir='ltr'><strong>patris</strong></span> <span class='ocrx_word' id='word_1_41' title='bbox 2583 1186 2686 1261; x_wconf 82' lang='lat' dir='ltr'><strong>fa-</strong></span> 
     </span>
     <span class='ocr_line' id='line_1_7' title="bbox 736 1304 2688 1395; baseline 0.001 -17"><span class='ocrx_word' id='word_1_42' title='bbox 736 1309 963 1381; x_wconf 86' lang='lat' dir='ltr'><strong>milias</strong></span> <span class='ocrx_word' id='word_1_43' title='bbox 993 1334 1361 1382; x_wconf 88' lang='lat' dir='ltr'><strong>sacrorum</strong></span> <span class='ocrx_word' id='word_1_44' title='bbox 1395 1310 1739 1379; x_wconf 84' lang='lat' dir='ltr'><strong>memoria</strong></span> <span class='ocrx_word' id='word_1_45' title='bbox 1775 1304 2166 1395; x_wconf 89' lang='lat' dir='ltr'><strong>occideret,</strong></span> <span class='ocrx_word' id='word_1_46' title='bbox 2216 1309 2301 1376; x_wconf 91' lang='lat' dir='ltr'><strong>iis</strong></span> <span class='ocrx_word' id='word_1_47' title='bbox 2332 1321 2567 1378; x_wconf 87' lang='lat' dir='ltr'><strong>essent</strong></span> <span class='ocrx_word' id='word_1_48' title='bbox 2603 1332 2688 1380; x_wconf 86' lang='lat' dir='ltr'><strong>ea</strong></span> 
     </span>
     <span class='ocr_line' id='line_1_8' title="bbox 732 1426 2683 1526; baseline 0 -28"><span class='ocrx_word' id='word_1_49' title='bbox 732 1426 1069 1501; x_wconf 84' lang='lat' dir='ltr'><strong>adiuncta</strong></span> <span class='ocrx_word' id='word_1_50' title='bbox 1087 1482 1107 1519; x_wconf 93' lang='lat'><strong>,</strong></span> <span class='ocrx_word' id='word_1_51' title='bbox 1129 1429 1220 1501; x_wconf 89' lang='lat' dir='ltr'><strong>ad</strong></span> <span class='ocrx_word' id='word_1_52' title='bbox 1246 1453 1429 1526; x_wconf 90' lang='lat' dir='ltr'><strong>quos</strong></span> <span class='ocrx_word' id='word_1_53' title='bbox 1455 1426 1777 1500; x_wconf 89' lang='lat' dir='ltr'><strong>eiusdem</strong></span> <span class='ocrx_word' id='word_1_54' title='bbox 1801 1439 2034 1497; x_wconf 89' lang='lat' dir='ltr'><strong>morte</strong></span> <span class='ocrx_word' id='word_1_55' title='bbox 2061 1429 2365 1524; x_wconf 90' lang='lat' dir='ltr'><strong>pecunia</strong></span> <span class='ocrx_word' id='word_1_56' title='bbox 2384 1431 2683 1499; x_wconf 85' lang='lat' dir='ltr'><strong>venerit.</strong></span> 
     </span>
     <span class='ocr_line' id='line_1_9' title="bbox 735 1541 2685 1647; baseline 0.001 -31"><span class='ocrx_word' id='word_1_57' title='bbox 735 1551 1080 1618; x_wconf 88' lang='lat' dir='ltr'><strong>Hocuno</strong></span> <span class='ocrx_word' id='word_1_58' title='bbox 1115 1551 1390 1647; x_wconf 89' lang='lat' dir='ltr'><strong>posit0,</strong></span> <span class='ocrx_word' id='word_1_59' title='bbox 1431 1543 1632 1643; x_wconf 90' lang='lat' dir='ltr'><strong>quod</strong></span> <span class='ocrx_word' id='word_1_60' title='bbox 1682 1558 1789 1615; x_wconf 91' lang='lat' dir='ltr'><strong>est</strong></span> <span class='ocrx_word' id='word_1_61' title='bbox 1825 1541 1914 1615; x_wconf 90' lang='lat' dir='ltr'><strong>ad</strong></span> <span class='ocrx_word' id='word_1_62' title='bbox 1953 1545 2436 1638; x_wconf 88' lang='lat' dir='ltr'><strong>cognitionem</strong></span> <span class='ocrx_word' id='word_1_63' title='bbox 2472 1543 2685 1617; x_wconf 89' lang='lat' dir='ltr'><strong>disci-</strong></span> 
     </span>
     <span class='ocr_line' id='line_1_10' title="bbox 737 1662 2682 1764; baseline 0 -28"><span class='ocrx_word' id='word_1_64' title='bbox 737 1665 974 1764; x_wconf 86' lang='lat' dir='ltr'><strong>plinae</strong></span> <span class='ocrx_word' id='word_1_65' title='bbox 1005 1671 1202 1756; x_wconf 77' lang='lat' dir='ltr'><strong>satiS,</strong></span> <span class='ocrx_word' id='word_1_66' title='bbox 1238 1662 1784 1737; x_wconf 81' lang='lat' dir='ltr'><strong>innumerabilia</strong></span> <span class='ocrx_word' id='word_1_67' title='bbox 1821 1675 2216 1734; x_wconf 85' lang='lat' dir='ltr'><strong>nascuntur</strong></span> <span class='ocrx_word' id='word_1_68' title='bbox 2243 1662 2514 1759; x_wconf 89' lang='lat' dir='ltr'><strong>quibus</strong></span> <span class='ocrx_word' id='word_1_69' title='bbox 2550 1668 2682 1736; x_wconf 90' lang='lat' dir='ltr'><strong>im-</strong></span> 
     </span>
     <span class='ocr_line' id='line_1_11' title="bbox 736 1780 2683 1882; baseline -0.001 -27"><span class='ocrx_word' id='word_1_70' title='bbox 736 1785 1029 1882; x_wconf 82' lang='lat' dir='ltr'><strong>plentur</strong></span> <span class='ocrx_word' id='word_1_71' title='bbox 1061 1783 1731 1857; x_wconf 85' lang='lat' dir='ltr'><strong>iurisconsultorum</strong></span> <span class='ocrx_word' id='word_1_72' title='bbox 1757 1780 1944 1854; x_wconf 89' lang='lat' dir='ltr'><strong>libri.</strong></span> <span class='ocrx_word' id='word_1_73' title='bbox 2004 1783 2473 1871; x_wconf 87' lang='lat' dir='ltr'><strong>Quaeruntur</strong></span> <span class='ocrx_word' id='word_1_74' title='bbox 2494 1788 2683 1854; x_wconf 88' lang='lat' dir='ltr'><strong>enim</strong></span> 
     </span>
     <span class='ocr_line' id='line_1_12' title="bbox 733 1899 2688 2001; baseline -0.001 -27"><span class='ocrx_word' id='word_1_75' title='bbox 733 1908 867 2000; x_wconf 89' lang='lat' dir='ltr'><strong>qui</strong></span> <span class='ocrx_word' id='word_1_76' title='bbox 900 1905 1438 2001; x_wconf 85' lang='lat' dir='ltr'><strong>adstringantur</strong></span> <span class='ocrx_word' id='word_1_77' title='bbox 1468 1905 1705 1973; x_wconf 81' lang='lat' dir='ltr'><strong>sacriS.</strong></span> <span class='ocrx_word' id='word_1_78' title='bbox 1812 1899 2174 1971; x_wconf 86' lang='lat' dir='ltr'><strong>Heredum</strong></span> <span class='ocrx_word' id='word_1_79' title='bbox 2207 1925 2416 1973; x_wconf 86' lang='lat' dir='ltr'><strong>causa</strong></span> <span class='ocrx_word' id='word_1_80' title='bbox 2453 1905 2688 1974; x_wconf 88' lang='lat' dir='ltr'><strong>iustis-</strong></span> 
     </span>
     <span class='ocr_line' id='line_1_13' title="bbox 741 2020 2686 2119; baseline 0.001 -26"><span class='ocrx_word' id='word_1_81' title='bbox 741 2027 920 2095; x_wconf 90' lang='lat' dir='ltr'><strong>sima</strong></span> <span class='ocrx_word' id='word_1_82' title='bbox 966 2038 1093 2095; x_wconf 87' lang='lat' dir='ltr'><strong>est.</strong></span> <span class='ocrx_word' id='word_1_83' title='bbox 1199 2022 1410 2094; x_wconf 84' lang='lat' dir='ltr'><strong>Nulla</strong></span> <span class='ocrx_word' id='word_1_84' title='bbox 1452 2036 1556 2093; x_wconf 90' lang='lat' dir='ltr'><strong>est</strong></span> <span class='ocrx_word' id='word_1_85' title='bbox 1603 2024 1797 2092; x_wconf 88' lang='lat' dir='ltr'><strong>enim</strong></span> <span class='ocrx_word' id='word_1_86' title='bbox 1837 2045 2177 2119; x_wconf 89' lang='lat' dir='ltr'><strong>persona,</strong></span> <span class='ocrx_word' id='word_1_87' title='bbox 2217 2045 2407 2117; x_wconf 90' lang='lat' dir='ltr'><strong>quae</strong></span> <span class='ocrx_word' id='word_1_88' title='bbox 2450 2020 2538 2094; x_wconf 89' lang='lat' dir='ltr'><strong>ad</strong></span> <span class='ocrx_word' id='word_1_89' title='bbox 2581 2026 2686 2094; x_wconf 86' lang='lat' dir='ltr'><strong>vi·</strong></span> 
     </span>
     <span class='ocr_line' id='line_1_14' title="bbox 742 2142 2681 2240; baseline 0 -27"><span class='ocrx_word' id='word_1_90' title='bbox 742 2166 906 2213; x_wconf 60' lang='lat' dir='ltr'><strong>cem&gt;</strong></span> <span class='ocrx_word' id='word_1_91' title='bbox 962 2147 1112 2213; x_wconf 90' lang='lat' dir='ltr'><strong>eius</strong></span> <span class='ocrx_word' id='word_1_92' title='bbox 1172 2146 1388 2239; x_wconf 72' lang='lat' dir='ltr'><strong>quie</strong></span> <span class='ocrx_word' id='word_1_93' title='bbox 1435 2145 1576 2213; x_wconf 83' lang='lat' dir='ltr'><strong>vita</strong></span> <span class='ocrx_word' id='word_1_94' title='bbox 1620 2143 1984 2238; x_wconf 69' lang='lat' dir='ltr'><strong>emigrat-it</strong></span> <span class='ocrx_word' id='word_1_95' title='bbox 2028 2144 2328 2240; x_wconf 87' lang='lat' dir='ltr'><strong>propius</strong></span> <span class='ocrx_word' id='word_1_96' title='bbox 2372 2142 2681 2214; x_wconf 82' lang='lat' dir='ltr'><strong>accedat.</strong></span> 
     </span>
     <span class='ocr_line' id='line_1_15' title="bbox 733 2260 2683 2359; baseline 0 -26"><span class='ocrx_word' id='word_1_97' title='bbox 733 2261 1013 2333; x_wconf 88' lang='lat' dir='ltr'><strong>Deinde</strong></span> <span class='ocrx_word' id='word_1_98' title='bbox 1052 2266 1182 2359; x_wconf 89' lang='lat' dir='ltr'><strong>qui</strong></span> <span class='ocrx_word' id='word_1_99' title='bbox 1216 2276 1449 2333; x_wconf 89' lang='lat' dir='ltr'><strong>morte</strong></span> <span class='ocrx_word' id='word_1_100' title='bbox 1482 2272 2002 2332; x_wconf 84' lang='lat' dir='ltr'><strong>testamentove</strong></span> <span class='ocrx_word' id='word_1_101' title='bbox 2040 2263 2195 2331; x_wconf 89' lang='lat' dir='ltr'><strong>eius</strong></span> <span class='ocrx_word' id='word_1_102' title='bbox 2232 2260 2683 2333; x_wconf 82' lang='lat' dir='ltr'><strong>tantumdem</strong></span> 
     </span>
     <span class='ocr_line' id='line_1_16' title="bbox 735 2376 2684 2481; baseline -0.002 -26"><span class='ocrx_word' id='word_1_103' title='bbox 735 2386 998 2481; x_wconf 88' lang='lat' dir='ltr'><strong>capiat,</strong></span> <span class='ocrx_word' id='word_1_104' title='bbox 1037 2395 1393 2479; x_wconf 90' lang='lat' dir='ltr'><strong>quantum</strong></span> <span class='ocrx_word' id='word_1_105' title='bbox 1431 2405 1685 2452; x_wconf 87' lang='lat' dir='ltr'><strong>omnes</strong></span> <span class='ocrx_word' id='word_1_106' title='bbox 1717 2376 2039 2450; x_wconf 88' lang='lat' dir='ltr'><strong>heredes.</strong></span> <span class='ocrx_word' id='word_1_107' title='bbox 2125 2377 2206 2449; x_wconf 94' lang='lat' dir='ltr'><strong>Id</strong></span> <span class='ocrx_word' id='word_1_108' title='bbox 2239 2403 2536 2476; x_wconf 88' lang='lat' dir='ltr'><strong>quoque</strong></span> <span class='ocrx_word' id='word_1_109' title='bbox 2565 2406 2684 2452; x_wconf 92' lang='lat' dir='ltr'><strong>or-</strong></span> 
     </span>
     <span class='ocr_line' id='line_1_17' title="bbox 730 2498 2684 2598; baseline -0.001 -25"><span class='ocrx_word' id='word_1_110' title='bbox 730 2500 943 2574; x_wconf 83' lang='lat' dir='ltr'><strong>dine:</strong></span> <span class='ocrx_word' id='word_1_111' title='bbox 987 2515 1154 2574; x_wconf 80' lang='lat' dir='ltr'><strong>est</strong></span> <span class='ocrx_word' id='word_1_112' title='bbox 1196 2504 1388 2573; x_wconf 89' lang='lat' dir='ltr'><strong>enim</strong></span> <span class='ocrx_word' id='word_1_113' title='bbox 1448 2500 1535 2573; x_wconf 91' lang='lat' dir='ltr'><strong>ad</strong></span> <span class='ocrx_word' id='word_1_114' title='bbox 1595 2499 1700 2590; x_wconf 91' lang='lat' dir='ltr'><strong>id,</strong></span> <span class='ocrx_word' id='word_1_115' title='bbox 1765 2498 1964 2596; x_wconf 90' lang='lat' dir='ltr'><strong>quod</strong></span> <span class='ocrx_word' id='word_1_116' title='bbox 2021 2502 2475 2598; x_wconf 84' lang='lat' dir='ltr'><strong>propositum</strong></span> <span class='ocrx_word' id='word_1_117' title='bbox 2543 2515 2684 2591; x_wconf 85' lang='lat' dir='ltr'><strong>est,</strong></span> 
     </span>
     <span class='ocr_line' id='line_1_18' title="bbox 729 2617 2686 2711; baseline 0.001 -20"><span class='ocrx_word' id='word_1_118' title='bbox 729 2618 1377 2692; x_wconf 89' lang='lat' dir='ltr'><strong>accommodatum.</strong></span> <span class='ocrx_word' id='word_1_119' title='bbox 1475 2622 1717 2690; x_wconf 86' lang='lat' dir='ltr'><strong>Tertio</strong></span> <span class='ocrx_word' id='word_1_120' title='bbox 1751 2617 1939 2707; x_wconf 91' lang='lat' dir='ltr'><strong>loco,</strong></span> <span class='ocrx_word' id='word_1_121' title='bbox 1973 2620 2033 2688; x_wconf 90' lang='lat' dir='ltr'><strong>si</strong></span> <span class='ocrx_word' id='word_1_122' title='bbox 2066 2641 2281 2689; x_wconf 91' lang='lat' dir='ltr'><strong>nemo</strong></span> <span class='ocrx_word' id='word_1_123' title='bbox 2319 2622 2411 2690; x_wconf 91' lang='lat' dir='ltr'><strong>sit</strong></span> <span class='ocrx_word' id='word_1_124' title='bbox 2450 2619 2686 2711; x_wconf 76' lang='lat' dir='ltr'><strong>hereS,</strong></span> 
     </span>
     <span class='ocr_line' id='line_1_19' title="bbox 732 2735 2689 2837; baseline 0 -26"><span class='ocrx_word' id='word_1_125' title='bbox 732 2744 830 2830; x_wconf 85' lang='lat' dir='ltr'><strong>is,</strong></span> <span class='ocrx_word' id='word_1_126' title='bbox 878 2744 1012 2837; x_wconf 91' lang='lat' dir='ltr'><strong>qui</strong></span> <span class='ocrx_word' id='word_1_127' title='bbox 1054 2737 1146 2811; x_wconf 91' lang='lat' dir='ltr'><strong>de</strong></span> <span class='ocrx_word' id='word_1_128' title='bbox 1185 2738 1398 2810; x_wconf 86' lang='lat' dir='ltr'><strong>bonis</strong></span> <span class='ocrx_word' id='word_1_129' title='bbox 1437 2762 1623 2835; x_wconf 90' lang='lat' dir='ltr'><strong>quae</strong></span> <span class='ocrx_word' id='word_1_130' title='bbox 1661 2741 1812 2809; x_wconf 88' lang='lat' dir='ltr'><strong>eius</strong></span> <span class='ocrx_word' id='word_1_131' title='bbox 1852 2735 2158 2825; x_wconf 87' lang='lat' dir='ltr'><strong>suerint,</strong></span> <span class='ocrx_word' id='word_1_132' title='bbox 2212 2763 2441 2834; x_wconf 89' lang='lat' dir='ltr'><strong>quum</strong></span> <span class='ocrx_word' id='word_1_133' title='bbox 2469 2745 2689 2812; x_wconf 84' lang='lat' dir='ltr'><strong>mori-</strong></span> 
     </span>
     <span class='ocr_line' id='line_1_20' title="bbox 731 2856 2686 2958; baseline 0.002 -28"><span class='ocrx_word' id='word_1_134' title='bbox 731 2873 889 2950; x_wconf 90' lang='lat' dir='ltr'><strong>tur,</strong></span> <span class='ocrx_word' id='word_1_135' title='bbox 921 2884 1062 2931; x_wconf 90' lang='lat' dir='ltr'><strong>usu</strong></span> <span class='ocrx_word' id='word_1_136' title='bbox 1097 2862 1365 2958; x_wconf 87' lang='lat' dir='ltr'><strong>ceperit</strong></span> <span class='ocrx_word' id='word_1_137' title='bbox 1399 2856 1792 2957; x_wconf 87' lang='lat' dir='ltr'><strong>plurimum</strong></span> <span class='ocrx_word' id='word_1_138' title='bbox 1822 2856 2278 2956; x_wconf 77' lang='lat' dir='ltr'><strong>possidendo,</strong></span> <span class='ocrx_word' id='word_1_139' title='bbox 2379 2862 2686 2953; x_wconf 91' lang='lat' dir='ltr'><strong>Quarto,</strong></span> 
     </span>
     <span class='ocr_line' id='line_1_21' title="bbox 733 2976 2688 3075; baseline 0.002 -25"><span class='ocrx_word' id='word_1_140' title='bbox 733 2983 795 3050; x_wconf 85' lang='lat' dir='ltr'><strong>si</strong></span> <span class='ocrx_word' id='word_1_141' title='bbox 835 3004 1052 3051; x_wconf 91' lang='lat' dir='ltr'><strong>nemo</strong></span> <span class='ocrx_word' id='word_1_142' title='bbox 1104 2982 1194 3049; x_wconf 85' lang='lat' dir='ltr'><strong>sit</strong></span> <span class='ocrx_word' id='word_1_143' title='bbox 1244 2981 1375 3074; x_wconf 90' lang='lat' dir='ltr'><strong>qui</strong></span> <span class='ocrx_word' id='word_1_144' title='bbox 1410 2977 1629 3050; x_wconf 87' lang='lat' dir='ltr'><strong>ullam</strong></span> <span class='ocrx_word' id='word_1_145' title='bbox 1676 3000 1830 3049; x_wconf 90' lang='lat' dir='ltr'><strong>rem</strong></span> <span class='ocrx_word' id='word_1_146' title='bbox 1890 2980 2195 3075; x_wconf 87' lang='lat' dir='ltr'><strong>ceperit,</strong></span> <span class='ocrx_word' id='word_1_147' title='bbox 2247 2976 2337 3050; x_wconf 87' lang='lat' dir='ltr'><strong>de</strong></span> <span class='ocrx_word' id='word_1_148' title='bbox 2382 2981 2688 3054; x_wconf 87' lang='lat' dir='ltr'><strong>credito-</strong></span> 
     </span>
    </p>

    <p class='ocr_par' dir='ltr' id='par_1_4' title="bbox 569 3095 2691 3554">
     <span class='ocr_line' id='line_1_22' title="bbox 569 3095 2691 3196; baseline 0 -26"><span class='ocrx_word' id='word_1_149' title='bbox 569 3130 663 3180; x_wconf 70' lang='lat'><strong>49.</strong></span> <span class='ocrx_word' id='word_1_150' title='bbox 735 3097 938 3170; x_wconf 87' lang='lat' dir='ltr'><strong>ribus</strong></span> <span class='ocrx_word' id='word_1_151' title='bbox 995 3101 1145 3169; x_wconf 90' lang='lat' dir='ltr'><strong>eius</strong></span> <span class='ocrx_word' id='word_1_152' title='bbox 1200 3101 1329 3194; x_wconf 89' lang='lat' dir='ltr'><strong>qui</strong></span> <span class='ocrx_word' id='word_1_153' title='bbox 1382 3095 1774 3196; x_wconf 84' lang='lat' dir='ltr'><strong>plurimum</strong></span> <span class='ocrx_word' id='word_1_154' title='bbox 1836 3110 2091 3168; x_wconf 88' lang='lat' dir='ltr'><strong>servet.</strong></span> <span class='ocrx_word' id='word_1_155' title='bbox 2188 3101 2518 3171; x_wconf 82' lang='lat' dir='ltr'><strong>Extrema</strong></span> <span class='ocrx_word' id='word_1_156' title='bbox 2570 3099 2691 3172; x_wconf 83' lang='lat' dir='ltr'><strong>illa</strong></span> 
     </span>
     <span class='ocr_line' id='line_1_23' title="bbox 736 3219 2691 3319; baseline 0.002 -30"><span class='ocrx_word' id='word_1_157' title='bbox 736 3242 1042 3317; x_wconf 89' lang='lat' dir='ltr'><strong>persona</strong></span> <span class='ocrx_word' id='word_1_158' title='bbox 1094 3230 1237 3304; x_wconf 91' lang='lat' dir='ltr'><strong>est,</strong></span> <span class='ocrx_word' id='word_1_159' title='bbox 1288 3229 1399 3303; x_wconf 90' lang='lat' dir='ltr'><strong>ut,</strong></span> <span class='ocrx_word' id='word_1_160' title='bbox 1451 3220 1509 3285; x_wconf 85' lang='lat' dir='ltr'><strong>si</strong></span> <span class='ocrx_word' id='word_1_161' title='bbox 1563 3219 1694 3311; x_wconf 91' lang='lat' dir='ltr'><strong>qui</strong></span> <span class='ocrx_word' id='word_1_162' title='bbox 1725 3219 1793 3287; x_wconf 89' lang='lat' dir='ltr'><strong>ei</strong></span> <span class='ocrx_word' id='word_1_163' title='bbox 1829 3219 1956 3311; x_wconf 92' lang='lat' dir='ltr'><strong>qui</strong></span> <span class='ocrx_word' id='word_1_164' title='bbox 1994 3230 2324 3290; x_wconf 89' lang='lat' dir='ltr'><strong>mortuus</strong></span> <span class='ocrx_word' id='word_1_165' title='bbox 2354 3223 2444 3290; x_wconf 92' lang='lat' dir='ltr'><strong>sit</strong></span> <span class='ocrx_word' id='word_1_166' title='bbox 2477 3244 2691 3319; x_wconf 88' lang='lat' dir='ltr'><strong>pecu-</strong></span> 
     </span>
     <span class='ocr_line' id='line_1_24' title="bbox 739 3333 2691 3438; baseline 0.004 -32"><span class='ocrx_word' id='word_1_167' title='bbox 739 3339 934 3408; x_wconf 84' lang='lat' dir='ltr'><strong>niam</strong></span> <span class='ocrx_word' id='word_1_168' title='bbox 973 3333 1334 3424; x_wconf 86' lang='lat' dir='ltr'><strong>debuerit,</strong></span> <span class='ocrx_word' id='word_1_169' title='bbox 1388 3338 1803 3431; x_wconf 90' lang='lat' dir='ltr'><strong>neminique</strong></span> <span class='ocrx_word' id='word_1_170' title='bbox 1836 3360 1991 3407; x_wconf 88' lang='lat' dir='ltr'><strong>eam</strong></span> <span class='ocrx_word' id='word_1_171' title='bbox 2029 3336 2348 3429; x_wconf 86' lang='lat' dir='ltr'><strong>solverit,</strong></span> <span class='ocrx_word' id='word_1_172' title='bbox 2384 3340 2691 3438; x_wconf 88' lang='lat' dir='ltr'><strong>proinde</strong></span> 
     </span>
     <span class='ocr_line' id='line_1_25' title="bbox 741 3455 2316 3554; baseline -0.001 -26"><span class='ocrx_word' id='word_1_173' title='bbox 741 3455 1123 3545; x_wconf 84' lang='lat' dir='ltr'><strong>habeatur,</strong></span> <span class='ocrx_word' id='word_1_174' title='bbox 1174 3458 1381 3552; x_wconf 84' lang='lat' dir='ltr'><strong>quasi</strong></span> <span class='ocrx_word' id='word_1_175' title='bbox 1417 3478 1575 3525; x_wconf 89' lang='lat' dir='ltr'><strong>eam</strong></span> <span class='ocrx_word' id='word_1_176' title='bbox 1612 3458 1990 3554; x_wconf 89' lang='lat' dir='ltr'><strong>pecuniam</strong></span> <span class='ocrx_word' id='word_1_177' title='bbox 2025 3461 2316 3554; x_wconf 88' lang='lat' dir='ltr'><strong>ceperit.</strong></span> 
     </span>
    </p>

    <p class='ocr_par' dir='ltr' id='par_1_5' title="bbox 553 3573 2697 4036">
     <span class='ocr_line' id='line_1_26' title="bbox 553 3573 2694 3664; baseline 0.002 -17"><span class='ocrx_word' id='word_1_178' title='bbox 553 3604 668 3659; x_wconf 74' lang='lat' dir='ltr'><strong>xx,</strong></span> <span class='ocrx_word' id='word_1_179' title='bbox 839 3580 1026 3648; x_wconf 88' lang='lat' dir='ltr'><strong>Haec</strong></span> <span class='ocrx_word' id='word_1_180' title='bbox 1089 3600 1224 3646; x_wconf 86' lang='lat' dir='ltr'><strong>nos</strong></span> <span class='ocrx_word' id='word_1_181' title='bbox 1281 3600 1322 3646; x_wconf 93' lang='lat' dir='ltr'><strong>a</strong></span> <span class='ocrx_word' id='word_1_182' title='bbox 1378 3573 1711 3646; x_wconf 83' lang='lat' dir='ltr'><strong>Scaevola</strong></span> <span class='ocrx_word' id='word_1_183' title='bbox 1760 3573 2174 3664; x_wconf 88' lang='lat' dir='ltr'><strong>didicimus,</strong></span> <span class='ocrx_word' id='word_1_184' title='bbox 2224 3602 2372 3649; x_wconf 90' lang='lat' dir='ltr'><strong>non</strong></span> <span class='ocrx_word' id='word_1_185' title='bbox 2423 3582 2519 3651; x_wconf 91' lang='lat' dir='ltr'><strong>ita</strong></span> <span class='ocrx_word' id='word_1_186' title='bbox 2568 3578 2694 3651; x_wconf 88' lang='lat' dir='ltr'><strong>de-</strong></span> 
     </span>
     <span class='ocr_line' id='line_1_27' title="bbox 739 3694 2697 3795; baseline 0.002 -27"><span class='ocrx_word' id='word_1_187' title='bbox 739 3699 1002 3795; x_wconf 82' lang='lat' dir='ltr'><strong>scripta</strong></span> <span class='ocrx_word' id='word_1_188' title='bbox 1048 3694 1140 3768; x_wconf 87' lang='lat' dir='ltr'><strong>ab</strong></span> <span class='ocrx_word' id='word_1_189' title='bbox 1190 3697 1524 3791; x_wconf 88' lang='lat' dir='ltr'><strong>antiquis.</strong></span> <span class='ocrx_word' id='word_1_190' title='bbox 1624 3698 1804 3766; x_wconf 88' lang='lat' dir='ltr'><strong>Nam</strong></span> <span class='ocrx_word' id='word_1_191' title='bbox 1849 3694 1950 3765; x_wconf 90' lang='lat' dir='ltr'><strong>illi</strong></span> <span class='ocrx_word' id='word_1_192' title='bbox 1987 3696 2282 3790; x_wconf 89' lang='lat' dir='ltr'><strong>quidem</strong></span> <span class='ocrx_word' id='word_1_193' title='bbox 2320 3698 2433 3769; x_wconf 88' lang='lat' dir='ltr'><strong>bis</strong></span> <span class='ocrx_word' id='word_1_194' title='bbox 2462 3698 2697 3773; x_wconf 82' lang='lat' dir='ltr'><strong>verbis</strong></span> 
     </span>
     <span class='ocr_line' id='line_1_28' title="bbox 737 3812 2694 3912; baseline 0.002 -26"><span class='ocrx_word' id='word_1_195' title='bbox 737 3814 1130 3887; x_wconf 87' lang='lat' dir='ltr'><strong>docebant:</strong></span> <span class='ocrx_word' id='word_1_196' title='bbox 1182 3814 1413 3886; x_wconf 87' lang='lat' dir='ltr'><strong>tribus</strong></span> <span class='ocrx_word' id='word_1_197' title='bbox 1448 3812 1683 3885; x_wconf 78' lang='lat' dir='ltr'><strong>modis</strong></span> <span class='ocrx_word' id='word_1_198' title='bbox 1727 3813 2363 3912; x_wconf 78' lang='lat' dir='ltr'><strong>sacrisadstringi,</strong></span> <span class='ocrx_word' id='word_1_199' title='bbox 2413 3817 2694 3889; x_wconf 87' lang='lat' dir='ltr'><strong>heredi-</strong></span> 
     </span>
     <span class='ocr_line' id='line_1_29' title="bbox 741 3938 2694 4036; baseline 0.001 -31"><span class='ocrx_word' id='word_1_200' title='bbox 741 3950 921 4023; x_wconf 86' lang='lat' dir='ltr'><strong>tate,</strong></span> <span class='ocrx_word' id='word_1_201' title='bbox 971 3948 1099 4007; x_wconf 88' lang='lat' dir='ltr'><strong>ant</strong></span> <span class='ocrx_word' id='word_1_202' title='bbox 1155 3938 1213 4004; x_wconf 92' lang='lat' dir='ltr'><strong>si</strong></span> <span class='ocrx_word' id='word_1_203' title='bbox 1271 3938 1614 4005; x_wconf 84' lang='lat' dir='ltr'><strong>maiorem</strong></span> <span class='ocrx_word' id='word_1_204' title='bbox 1679 3948 1954 4032; x_wconf 89' lang='lat' dir='ltr'><strong>partem</strong></span> <span class='ocrx_word' id='word_1_205' title='bbox 2012 3941 2356 4034; x_wconf 87' lang='lat' dir='ltr'><strong>pecuniae</strong></span> <span class='ocrx_word' id='word_1_206' title='bbox 2420 3941 2694 4036; x_wconf 88' lang='lat' dir='ltr'><strong>capiat,</strong></span> 
     </span>
    </p>
   </div>
   <div class='ocr_carea' id='block_1_3' title="bbox 780 4108 970 4117">
    <p class='ocr_par' dir='ltr' id='par_1_6' title="bbox 780 4108 970 4117">
     <span class='ocr_line' id='line_1_30' title="bbox 780 4108 970 4117; baseline 0 915"><span class='ocrx_word' id='word_1_207' title='bbox 780 4108 970 4117; x_wconf 95' lang='lat' dir='ltr'><strong> </strong></span> 
     </span>
    </p>
   </div>
   <div class='ocr_carea' id='block_1_4' title="bbox 979 4107 1408 4115">
    <p class='ocr_par' dir='ltr' id='par_1_7' title="bbox 979 4107 1408 4115">
     <span class='ocr_line' id='line_1_31' title="bbox 979 4107 1408 4115; baseline -0.002 -1"><span class='ocrx_word' id='word_1_208' title='bbox 979 4107 1140 4114; x_wconf 43' lang='grc' dir='ltr'><strong>ψ’.-</strong></span> <span class='ocrx_word' id='word_1_209' title='bbox 1219 4107 1408 4115; x_wconf 43' lang='grc' dir='ltr'><strong>..-Ψ-4,...-</strong></span> 
     </span>
    </p>
   </div>
   <div class='ocr_carea' id='block_1_5' title="bbox 802 4194 1347 4265">
    <p class='ocr_par' dir='ltr' id='par_1_8' title="bbox 802 4194 1347 4265">
     <span class='ocr_line' id='line_1_32' title="bbox 802 4194 1347 4265; baseline 0 -16"><span class='ocrx_word' id='word_1_210' title='bbox 802 4201 820 4235; x_wconf 89' lang='lat'>¹</span> <span class='ocrx_word' id='word_1_211' title='bbox 860 4196 962 4249; x_wconf 74' lang='lat' dir='ltr'><strong>noc</strong></span> <span class='ocrx_word' id='word_1_212' title='bbox 998 4198 1165 4265; x_wconf 69' lang='lat' dir='ltr'><strong>posito</strong></span> <span class='ocrx_word' id='word_1_213' title='bbox 1201 4194 1347 4249; x_wconf 67' lang='lat' dir='ltr'><strong>bueo.</strong></span> 
     </span>
    </p>
   </div>
  </div>
 </body>
</html>
