3131 5032
1110 434 1253 505 Lm.
1284 437 1352 522 1,
1407 439 1519 522 13,
1564 441 1678 508 39.
2238 446 2367 511 385

415 647 542 708 sive
589 647 707 709 hoc
756 643 936 708 modo
952 689 972 720 ,
1008 643 1136 703 sive
1180 642 1282 702 sed
1311 654 1505 703 tamen
1534 645 1662 703 iam
1691 644 1962 723 legatur,
1996 645 2241 710 difficile
2276 659 2363 710 est

419 751 576 812 tueri
630 748 1069 810 adversativum
1121 759 1313 806 tamen
1330 792 1349 823 ,
1412 746 1575 806 unde
1620 746 1687 807 in
1727 748 1864 827 Lag.
1902 749 1977 810 10
2012 750 2187 812 fluxit
2223 765 2365 816 tum.

419 854 625 914 Cicero
676 853 807 912 aliis
856 851 1001 912 locis
1052 851 1211 910 hanc
1259 851 1615 910 sententiam
1665 871 2034 928 memorans,
2093 856 2216 914 iam
2261 856 2369 915 diu

419 956 567 1018 dicit
600 953 977 1035 repudiatam
1009 969 1156 1014 esse.
1186 985 1267 998 —
1296 953 1447 1012 Tum
1479 973 1591 1032 pro
1627 957 1817 1015 secuti
1843 968 1982 1014 sunt
2014 957 2251 1035 Lagom.
2289 959 2371 1019 65

416 1062 635 1121 secutis
668 1059 894 1118 habent
909 1103 927 1132 ,
968 1055 1176 1116 mendi
1207 1075 1430 1134 genere
1459 1075 1536 1116 ex
1570 1058 1745 1117 cuius
1767 1058 2177 1120 observatione
2205 1070 2371 1122 recte

418 1163 643 1223 alicubi
675 1167 1013 1222 correctum
1047 1166 1155 1221 est.

502 1266 597 1326 luis
648 1264 917 1324 omnibus
968 1263 1142 1335 haec,
1203 1279 1351 1340 quae
1398 1262 1533 1321 dixi
1549 1308 1568 1338 ‚
1618 1262 1968 1345 probantur)
2071 1265 2369 1345 Suspicari

420 1368 556 1448 quis
577 1367 784 1448 possit,
812 1371 1057 1445 propter
1080 1363 1404 1424 lectionem
1422 1363 1629 1426 Amhr.
1655 1391 1693 1423 α
1707 1368 2136 1447 probabantur,
2166 1391 2372 1431 veram

417 1471 741 1531 lectionem
782 1467 964 1528 fuisse
996 1467 1422 1547 probabuntur.
1502 1466 1935 1529 Verumtamen·
1969 1478 2098 1531 tum
2135 1483 2380 1554 propter

421 1573 595 1649 haee,
626 1594 774 1652 quae
811 1571 972 1646 dixi,
1001 1577 1132 1629 tum
1161 1577 1477 1647 propterea
1495 1569 1661 1648 quod
1689 1578 1811 1630 tota
1840 1571 1992 1632 haec
2021 1575 2210 1633 oratio
2237 1577 2382 1636 inde

422 1675 500 1736 ab
533 1673 709 1734 initio
735 1670 778 1752 §
817 1670 897 1732 37
936 1689 1059 1730 non
1098 1667 1216 1727 nisi
1247 1669 1694 1729 excusationem
1732 1673 2001 1732 continet
2023 1676 2384 1753 praeceden-

424 1777 498 1836 tis
545 1772 999 1854 disputationis,
1058 1771 1235 1831 cuius
1282 1772 1596 1851 principiis
1645 1774 1882 1853 reliqua
1927 1785 2120 1836 essent
2150 1798 2390 1840 accom-

421 1877 747 1954 modanda,
787 1884 952 1936 recte
988 1882 1048 1934 et
1075 1874 1177 1933 hic
1205 1875 1609 1952 pronunciare
1637 1876 1878 1937 videtur
1906 1878 2115 1940 Cicero
2138 1902 2244 1941 sua
2268 1883 2393 1942 illis

424 1982 664 2062 probari
682 2026 701 2057 ,
772 1987 833 2039 et
894 1999 1036 2038 mox
1098 1977 1532 2055 Epicureorum
1598 1986 2060 2060 ceterorumque
2122 1984 2394 2045 eiusdem

427 2085 660 2165 generis
720 2082 948 2162 spernit
1010 2080 1327 2141 iudicium.
1425 2079 1628 2158 Atque
1680 2082 1787 2142 illa
1838 2082 2152 2146 affirmatio
2201 2107 2397 2166 quum

430 2189 751 2250 inchoetur
798 2185 876 2245 ab
929 2185 1024 2243 lais
1075 2185 1346 2243 omnihus
1365 2227 1384 2258 ,
1439 2185 1565 2242 sive
1615 2185 1685 2242 in
1738 2185 2068 2247 Academia
2117 2219 2224 2264 -‚
2274 2210 2398 2250 non

431 2291 679 2353 ferenda
728 2287 1041 2349 Goerenzii
1094 2287 1298 2365 opinio
1347 2293 1465 2362 est,
1530 2286 1878 2348 Ciceronem
1932 2290 2271 2351 »excidisse
2322 2312 2400 2352 ex

430 2394 874 2456 constructione
908 2409 1092 2470 quam
1128 2390 1194 2448 in
1232 2387 1428 2448 verbis
1461 2388 1564 2448 sed
1598 2401 1666 2450 ut
1695 2392 1778 2449 iis
1806 2391 2260 2454 inchoavisset.’'

512 2497 554 2580 §
596 2495 694 2559 39.
775 2496 896 2555 sihi
944 2505 1138 2555 autem
1187 2492 1588 2573 indulgentes,
1632 2503 1688 2552 ei
1728 2497 1957 2574 corpori
1991 2495 2401 2578 deservientes)

430 2603 564 2664 Tria
611 2608 908 2680 postrema
956 2595 1243 2658 vocabula
1275 2596 1403 2654 sine
1439 2614 1617 2655 causa
1653 2596 1718 2655 in
1756 2596 1805 2654 l)
1842 2597 2222 2660 omittuntur.
2305 2601 2403 2661 Sic

430 2706 557 2767 Pin.
604 2706 700 2780 11,
741 2702 849 2779 24,
890 2700 1005 2778 79,
1043 2701 1167 2760 sihi
1208 2684 1489 2779 quemque
1534 2711 1743 2759 natum
1777 2721 1928 2777 esse,
1969 2714 2025 2761 et
2060 2704 2188 2763 suis
2234 2706 2396 2765 volu·

422 2809 717 2892 pentibus.

515 2914 695 2971 etiam
739 2912 798 2968 si
849 2928 986 2968 vera
1037 2903 1269 2984 dicunt)
1359 2904 1616 2966 Moserus
1659 2904 1737 2964 de
1780 2904 1904 2983 his,
1948 2908 2221 2967 »habent
2251 2910 2403 2970 haec

435 3040 468 3075 ι)
488 3010 813 3094 quamdam
874 3006 1318 3086 indulgentiam
1369 3024 1513 3084 erga
1564 3006 1888 3085 Epicureos
1904 3052 1924 3084 ,
1983 3011 2155 3089 quasi
2205 3010 2366 3071 dicat
2384 3057 2403 3088 ,

438 3141 469 3176 υ
490 3113 723 3176 etiamsi
787 3109 1027 3172 fortasse
1087 3107 1450 3189 quibusdam
1514 3108 1584 3165 in
1647 3110 1916 3188 partibus
1967 3132 2091 3171 non
2139 3118 2402 3174 errent.”

435 3220 551 3281 Sed
596 3218 731 3297 quis
779 3233 1067 3293 umquam
1121 3213 1377 3291 accipiet
1396 3257 1414 3287 ,
1457 3212 1810 3272 Ciceronem
1843 3215 2063 3292 partim
2096 3215 2406 3294 Epicureis

435 3321 766 3407 concedere
817 3317 1120 3398 potuisse?
1179 3324 1346 3393 tum,
1405 3335 1561 3394 quae
1626 3323 1775 3376 esset
1807 3317 1957 3377 haec
1990 3319 2401 3396 ratiocinatio,

436 3452 469 3487 ι»
489 3428 729 3488 fortasse
764 3442 905 3483 vera
940 3421 1156 3480 dicunt
1179 3464 1198 3495 ,
1233 3419 1339 3478 sed
1380 3426 1583 3478 tamen
1619 3419 1835 3479 audire
1872 3440 1972 3481 eos
2003 3422 2223 3482 nolo?’'
2265 3422 2403 3485 Alio

440 3529 606 3590 enim
657 3526 836 3587 modo
882 3524 1050 3584 Tusc.
1101 3523 1166 3599 1,
1208 3521 1314 3596 21,
1358 3521 1437 3581 49
1478 3521 1780 3601 loquitur,
1822 3522 1900 3583 de
1932 3544 2001 3583 re
2036 3525 2299 3602 incerta,
2342 3534 2404 3588 et

441 3632 615 3691 cuius
640 3628 1008 3690 contrarium
1036 3624 1387 3704 ambagibus
1419 3632 1658 3685 tantum
1685 3626 2089 3704 suspicionum
2116 3631 2405 3710 consequi

442 3732 716 3792 solebant
752 3737 1014 3803 veteres,
1055 3729 1211 3808 quod
1235 3740 1301 3787 ut
1334 3730 1424 3786 ita
1452 3729 1534 3786 eit
1568 3723 1751 3807 (nihil
1782 3731 1943 3788 enim
1963 3730 2226 3814 pugno),
2263 3734 2413 3812 quid

443 3832 615 3896 habet
666 3837 784 3893 ista
836 3852 929 3890 res
980 3831 1288 3891 laetabile?
1345 3830 1449 3890 uhi
1497 3838 1660 3891 recte
1696 3830 1955 3891 Orellius
1988 3836 2244 3893 servavit
2279 3837 2407 3896 ita.-

446 3937 606 3999 conf.
643 3934 974 4012 Madvigius
1016 3934 1092 3994 ad
1129 3934 1255 3994 Fin.
1288 3954 1349 4012 p.
1384 3932 1500 3993 169
1535 3941 1597 3992 et
1626 3932 1776 3994 754:
1819 3935 2045 4016 (locum
2087 3935 2245 3995 Orat.
2283 3938 2406 4014 111,

450 4042 558 4118 17,
597 4039 710 4117 63,
753 4039 899 4099 alias
937 4034 1256 4116 tractabo):
1293 4035 1629 4114 eodemque
1671 4036 1848 4097 modo
1881 4037 2006 4096 Fin.
2040 4036 2069 4095 Ι
2091 4082 2108 4111 ,
2142 4035 2248 4111 21,
2292 4038 2408 4116 72,

445 4166 594 4223 quae
619 4178 701 4190 —
725 4144 786 4202 si
810 4152 998 4202 essent
1025 4161 1194 4214 vera,
1234 4139 1394 4198 nihil
1422 4139 1752 4217 adferrent:
1792 4140 1855 4198 in
1882 4139 2104 4217 quibus
2132 4141 2410 4200 concedit

2075 4242 2153 4300 25
