3131 5032
777 415 907 481 360
1459 401 1601 474 Lm.
1651 405 1715 492 1,
1773 406 1883 492 10,
1934 410 2040 477 29.

767 620 921 679 sicut
949 616 1079 678 Nat.
1107 615 1173 676 1).
1204 613 1295 690 11,
1324 613 1396 675 61
1416 659 1434 690 ,
1471 612 1606 672 153.
1690 613 1774 672 De
1802 631 1941 672 casu
1967 631 2109 671 cum
2138 612 2360 673 similis
2386 615 2739 696 iungenda,

764 721 1031 800 genitivo
1082 738 1160 777 an
1196 717 1429 793 dativo,
1481 716 1718 794 copiose
1758 722 1818 774 et
1855 722 2030 774 acute
2063 717 2355 795 praecipit
2391 718 2733 799 Madvigius

768 822 896 883 Fin.
934 842 994 901 p.
1029 820 1167 883 632.
1219 839 1304 899 sq.
1385 818 1459 878 Et
1512 819 1695 878 habet
1727 818 1790 877 h.
1826 817 1869 878 l.
1905 817 2142 876 dativus
2174 838 2305 878 eam
2339 839 2583 901 quoque
2617 843 2731 882 εχ..

762 926 1129 985 cusationem
1150 970 1167 1000 ,
1209 921 1375 1001 quod
1408 929 1738 999 utrumque
1773 919 1858 1002 (et
1891 941 2076 979 unum
2106 928 2168 980 et
2198 919 2332 1002 uni)
2365 943 2506 982 cum
2539 925 2731 985 altero

765 1028 1106 1104 confertur,
1146 1026 1449 1103 simulque
1483 1024 1730 1084 alterius
1762 1042 1971 1083 norma
1999 1043 2121 1083 esse
2155 1025 2402 1102 ponitur
2429 1027 2509 1086 ad
2540 1047 2722 1106 quam

759 1133 1053 1211 exigatur.

842 1236 1186 1315 opinionum
1216 1229 1475 1310 vanitas)
1556 1230 1687 1290 Duo
1723 1229 1865 1289 libri
1900 1230 1978 1290 de
2015 1231 2160 1291 meis
2193 1231 2254 1290 id
2276 1278 2294 1308 ,
2335 1233 2500 1311 quod
2527 1233 2717 1297 Davis.

759 1360 836 1398 ex
889 1358 1014 1397 uno
1066 1337 1223 1396 Harl.
1273 1334 1499 1408 edidit,
1556 1334 1815 1409 habent,
1873 1336 2159 1394 van‘etas:
2210 1344 2271 1394 et
2318 1336 2405 1396 sic
2452 1357 2591 1397 sane
2633 1348 2723 1399 est

757 1440 917 1501 infra
952 1441 1089 1518 Cap.
1116 1439 1217 1515 17,
1251 1438 1348 1499 47.
1379 1439 1512 1498 init.
1542 1439 1676 1497 sine
1711 1439 1835 1497 ulla
1871 1439 2175 1498 varietate.
2237 1439 2387 1498 Tum
2406 1440 2572 1501 Tusc.
2592 1441 2720 1516 111,

762 1547 833 1622 1,
892 1544 968 1619 2,
1027 1555 1150 1603 tum
1202 1544 1289 1601 ita
1338 1543 1529 1600 variis
1589 1542 1915 1600 imbuimur
1965 1541 2259 1600 erroribus
2271 1588 2290 1618 ,
2353 1554 2416 1601 ue
2467 1545 2722 1603 vanitati

756 1651 976 1709 veritas
996 1695 1014 1725 ,
1054 1659 1109 1706 et
1158 1647 1433 1727 opinioni
1468 1645 1845 1723 confirmatae
1879 1655 2094 1704 natura
2125 1647 2255 1725 ipsa
2291 1647 2475 1707 cedat.
2554 1648 2718 1707 Nihi-

754 1749 1020 1812 lominus
1051 1747 1341 1809 servanda
1379 1748 1623 1826 vulgata
1657 1754 1771 1824 est,
1806 1747 2094 1825 quoniam
2131 1750 2370 1808 verimi
2399 1752 2719 1829 opponitur

751 1859 1025 1931 vanitas,
1065 1872 1267 1931 neque
1319 1852 1384 1910 in
1417 1851 1715 1930 praesenti
1767 1851 2061 1911 sententia
2107 1853 2320 1912 attinet
2353 1873 2718 1915 commemo-

751 1959 874 2017 rari
899 1956 1265 2036 quotuplex,
1304 1954 1409 2014 sed
1439 1973 1623 2032 quam
1657 1953 1803 2013 salsa
1829 1954 1906 2012 sit
1933 1955 2174 2033 opinio,
2215 1975 2372 2035 quae
2401 1956 2715 2017 hominum

752 2060 1023 2119 animum
1063 2058 1351 2117 flecteret.

833 2182 1195 2243 quocumque
1228 2156 1532 2238 coepisset)
1612 2158 1745 2218 Non
1779 2160 1993 2220 attinet
2027 2161 2246 2221 Davisii
2278 2164 2678 2223 coniecturam
2699 2211 2716 2239 ,

754 2267 1036 2345 cupiisset
1054 2311 1072 2340 ,
1131 2262 1415 2322 refutare.
1514 2261 1632 2320 Sed
1687 2265 1943 2342 coepisse
1993 2284 2168 2342 saepe
2219 2266 2303 2325 ita
2354 2268 2602 2345 ponitur
2651 2269 2714 2326 in

750 2369 968 2429 maiori
1022 2366 1309 2441 audacia,
1361 2373 1421 2424 et
1472 2365 1537 2423 in
1586 2365 1769 2424 vitio:
1822 2366 2078 2445 Repuhl.
2118 2369 2181 2443 l,
2224 2368 2339 2444 42,
2381 2370 2497 2445 65,
2539 2391 2716 2450 quum

750 2494 854 2533 rex
902 2474 1163 2533 iniustus
1215 2491 1334 2531 esse
1386 2472 1595 2550 coepit.
1665 2469 1742 2528 ad
1773 2469 1904 2531 niv.
1944 2470 2010 2546 1,
2050 2470 2127 2547 2,
2169 2473 2245 2548 2,
2288 2472 2492 2553 Lupus
2527 2475 2716 2534 tribu·-

749 2600 865 2637 ηαδ
899 2576 990 2657 pl.
1039 2610 1120 2621 —
1167 2576 1461 2634 intendere
1517 2577 1727 2655 coepit.
1804 2574 1968 2635 Offic.
2010 2575 2070 2635 ΙΙ
2092 2622 2109 2652 ,
2162 2577 2237 2651 8,
2293 2577 2410 2652 27,
2471 2579 2722 2639 desitum

751 2693 837 2741 est
869 2712 951 2723 —
984 2679 1178 2738 videri
1211 2678 1533 2756 quidquam
1568 2680 1633 2735 in
1670 2680 1862 2737 socios
1898 2680 2195 2757 iniquum.
2256 2679 2405 2740 ibid.
2443 2680 2558 2755 21,
2597 2680 2715 2754 75,

749 2786 808 2845 si
841 2783 1073 2862 quando
1110 2782 1370 2841 Romani
1403 2782 1558 2839 dona
1589 2784 1852 2861 accipere
1884 2784 2223 2862 coepissent.
2306 2783 2515 2844 Salust.
2549 2783 2716 2845 Catil.

753 2885 865 2945 Vll
884 2934 902 2963 ,
952 2886 1022 2961 1,
1065 2904 1293 2964 coepere
1330 2905 1390 2942 se
1431 2886 1678 2963 quisque
1720 2886 2004 2945 extollere.

838 3010 1015 3069 quam
1067 3009 1262 3047 omnes
1316 2999 1454 3047 sune
1505 2986 1793 3069 omnium)
1874 2988 2238 3049 Servandam
2272 2988 2419 3049 duxi
2451 2991 2719 3050 omnium

753 3093 939 3154 Codd.
992 3092 1315 3152 lectionem
1369 3102 1507 3150 sune
1526 3137 1544 3167 ,
1586 3110 1732 3170 prae
1778 3112 1877 3168 eo,
1930 3092 2096 3172 quod
2136 3092 2330 3154 Davis.
2373 3094 2718 3173 reliquique

754 3198 984 3276 requiri
1018 3195 1345 3275 putabant,
1388 3206 1593 3254 essent.
1656 3195 1865 3274 Neque
1900 3197 2065 3254 enim
2104 3197 2294 3255 oratio
2327 3204 2415 3255 est
2447 3196 2718 3274 obliqua:

753 3310 815 3361 et
850 3301 967 3360 hoc
1021 3301 1217 3377 ipsum
1270 3306 1393 3372 est,
1435 3298 1598 3375 quod
1633 3298 2036 3375 demonstrat,
2079 3320 2197 3357 esse
2234 3320 2428 3359 omnes
2458 3300 2722 3357 omniu-⁸

755 3404 999 3465 similes.
1081 3400 1195 3460 Sed
1237 3399 1519 3459 videntur
1550 3401 1666 3459 viri
1702 3401 1864 3460 docti
1902 3409 2094 3461 totum
2125 3402 2243 3461 hoc
2274 3403 2359 3461 sic
2389 3402 2718 3480 accepisse,

756 3506 928 3585 quasi
945 3503 1302 3582 significaret
1332 3503 1540 3563 Cicero
1570 3505 1856 3564 maiorem
1884 3503 2014 3564 sore
2042 3507 2317 3565 omnium
2342 3507 2499 3565 inter
2518 3524 2724 3565 omnes

756 3606 1248 3680 similitudinem,
1279 3606 1396 3665 nisi
1422 3606 1769 3684 depravatio
1798 3608 2307 3667 consuetudinum
2343 3618 2458 3670 cet.
2478 3608 2718 3683 Contra,

678 3728 685 3737 ·
758 3710 1025 3790 suspicor
1064 3710 1181 3769 hoc
1226 3710 1385 3769 velle
1430 3730 1571 3770 eum
1593 3758 1609 3785 ,
1651 3730 1761 3789 per
1805 3710 2292 3790 depravationem
2343 3711 2720 3772 consuetudi·

756 3835 906 3875 num
938 3814 1416 3892 opinionumque
1449 3815 1777 3875 vanitatem
1807 3815 2072 3893 singulos
2109 3816 2381 3875 homines
2411 3816 2723 3875 dissimiles

758 3919 850 3979 sui
886 3918 1039 3999 ipsos
1081 3917 1290 3993 reddi,
1329 3919 1371 3976 i.
1410 3937 1464 3977 e.
1502 3938 1626 3977 non
1662 3919 1896 3997 assequi
1931 3919 2099 3977 illam
2136 3916 2472 3978 Stoicorum
2509 3923 2709 3993 ὁμολο-

757 4033 916 4101 γίαν,
959 4043 1141 4102 quam
1178 4022 1228 4082 si
1266 4021 1518 4081 assecuti
1558 4029 1786 4097 essent,
1830 4042 1950 4081 non
1987 4041 2120 4081 eam
2156 4022 2612 4082 similitudinem
2649 4021 2721 4079 iu

758 4147 1001 4207 quoque
1056 4127 1344 4187 maiorem
1401 4124 1564 4202 sore,
1625 4145 1807 4204 quam
1858 4126 1933 4185 sit
1968 4126 2263 4207 [omnium
2301 4126 2461 4187 inter
2495 4144 2718 4188 omnes.
