3131 5032
1346 504 1392 572 5

379 708 514 780 hoc
545 732 601 797 ι,
638 733 683 780 a
723 724 793 780 te
825 723 1296 807 exspectatur.
1358 713 1511 783 Nisi
1537 710 1714 806 quid
1741 714 2016 800 Quinto
2049 709 2331 782 videtur

372 854 601 900 secus.
704 832 794 919 Q.
867 828 1047 901 Mihi
1075 854 1248 901 vero
1280 829 1494 901 nihil:
1536 842 1610 902 et
1643 855 1854 928 saepe
1883 828 1974 902 de
2013 834 2151 901 isto
2188 829 2329 901 col-

376 948 604 1022 locuti
642 974 915 1022 sumus
1014 949 1150 1022 Sed
1188 964 1293 1022 est
1331 951 1683 1047 quaedam
1719 954 1908 1023 inter
1945 976 2077 1022 nos
2116 976 2328 1049 parva

378 1067 753 1141 dissensio.
874 1074 1016 1141 Att.
1086 1074 1289 1162 Quae
1350 1070 1661 1143 tandem.
1777 1072 1866 1160 Q.
1942 1075 2001 1142 A
2059 1071 2329 1167 quibus

379 1190 832 1288 temporibus
859 1191 1218 1263 scribendi
1245 1195 1474 1290 oepiat
1497 1190 1892 1263 exordium.
1962 1195 2112 1288 Ego
2136 1193 2329 1261 enim

374 1306 471 1379 ab
502 1308 781 1380 ultimis
810 1335 1102 1400 censeo,
1154 1313 1497 1406 quoniam
1535 1308 1654 1382 illa
1687 1313 1789 1380 sic
1825 1311 2090 1406 scripta
2127 1322 2324 1397 sunt,

378 1441 459 1497 ut
524 1453 620 1499 ne
677 1427 1008 1524 legantur
1060 1429 1390 1526 quidem:
1454 1432 1606 1528 ipse
1664 1442 1908 1501 autem
1958 1428 2330 1527 aequalem

376 1570 553 1617 suae
588 1551 837 1618 aetatis
861 1555 888 1594 ²
931 1551 1351 1621 memoriam
1381 1548 1736 1646 deposcit,
1786 1563 1869 1620 ut
1899 1573 1982 1620 ea
2018 1548 2330 1647 comple-

381 1678 621 1737 ctatur
645 1666 912 1764 quibus
945 1671 1096 1765 ipse
1134 1666 1481 1739 interfuit.
1581 1672 1722 1739 Att.
1782 1672 1930 1765 Ego
1962 1693 2132 1739 vero
2160 1666 2331 1739 huic

374 1788 621 1883 potius
652 1790 1023 1859 assentior.
1114 1790 1298 1859 Sunt
1333 1791 1528 1859 enim
1561 1791 1907 1860 maximae
1940 1810 2054 1857 res
2085 1790 2163 1856 in
2194 1785 2330 1858 hac

373 1908 723 1978 memoria
755 1884 973 2003 atque
996 1920 1228 1980 aetate
1256 1921 1531 1979 nostra:
1567 1919 1723 1978 tum
1750 1919 1988 1979 autem
2018 1903 2329 1975 hominis

367 2028 790 2096 amicissimi
826 2029 952 2097 Cn.
987 2031 1314 2125 Pompeii
1344 2026 1589 2099 laudes
1628 2025 2038 2098 illustrabit:
2091 2028 2330 2097 incur-

372 2156 482 2215 ret
507 2148 729 2216 etiam
752 2148 826 2215 in
854 2145 1053 2216 illum
1079 2159 1151 2217 et
1170 2151 1195 2190 ³
1223 2144 1762 2218 memorabilem
1785 2170 2057 2217 annum
2083 2169 2325 2216 suum:

370 2288 563 2360 quae
612 2261 711 2334 ab
760 2267 899 2335 isto
953 2265 1139 2336 malo
1186 2265 1617 2364 praedicari,
1668 2291 1916 2362 quam,
1965 2278 2050 2335 ut
2094 2268 2330 2354 aiunt,

373 2383 464 2455 de
520 2388 750 2455 Remo
808 2398 880 2456 et
934 2385 1264 2456 Romulo.
1364 2391 1459 2457 M.
1530 2386 1858 2483 Intelligo
1906 2382 2249 2482 equidem
2289 2409 2331 2456 a

376 2529 491 2576 me
568 2506 790 2575 istum
850 2503 1171 2578 laborem
1229 2508 1369 2578 iam
1428 2505 1558 2578 diu
1623 2503 2004 2605 postulari,
2073 2506 2327 2577 Attice.

373 2626 614 2713 Quem
651 2648 797 2693 non
838 2648 1279 2715 recusarem,
1315 2631 1375 2697 si
1415 2625 1591 2697 mihi
1626 2625 1851 2697 ullum
1885 2624 2327 2696 tribueretur

378 2765 683 2812 vacuum
734 2757 1019 2841 tempus
1076 2758 1148 2815 et
1182 2749 1210 2788 ⁴
1253 2744 1585 2818 liberum.
1683 2748 1937 2841 Neque
1974 2746 2166 2816 enim
2205 2766 2329 2813 oc-

386 2874 644 2958 cupata
689 2886 943 2960 opera,
993 2888 1233 2961 neque
1278 2864 1628 2963 impedito
1680 2869 1924 2964 animo
1973 2886 2086 2933 res
2135 2875 2328 2933 tanta

374 2983 643 3078 suscipi
670 2996 932 3079 potest:
956 2996 1351 3079 utrumque
1376 3007 1562 3081 opus
1588 2996 1725 3073 est,
1755 2995 1826 3053 et
1854 3004 2025 3052 cura
2045 3002 2329 3069 vacare,

374 3113 446 3172 et
469 3103 784 3196 negotio.
870 3105 1015 3172 Att.
1067 3087 1303 3192 Quid?
1342 3101 1431 3174 ad
1461 3116 1730 3198 cetera,
1772 3125 1958 3198 quae
1984 3100 2330 3197 scripsisti

373 3217 577 3316 plura
600 3243 823 3314 quam
849 3224 1231 3316 quisquam
1257 3246 1296 3293 e
1327 3225 1619 3311 nostriS,
1647 3220 1846 3317 quod
1876 3221 2009 3292 tibi
2039 3218 2327 3292 tandem

373 3351 659 3436 tempus
709 3361 1018 3411 vacuum
1060 3337 1200 3410 fuit
1236 3341 1700 3413 concessum?
1796 3345 1892 3412 M.
1960 3339 2327 3412 Subsiciva

373 3456 726 3551 quaedam
786 3470 1111 3557 tempora
1169 3463 1592 3550 incurrunt,
1653 3483 1843 3558 quae
1894 3484 2030 3558 ego
2089 3463 2326 3558 perire

373 3598 513 3647 non
555 3579 833 3675 patior3
883 3591 996 3668 ut,
1047 3582 1105 3650 si
1145 3583 1275 3675 qui
1316 3579 1469 3651 dies
1509 3580 1600 3653 ad
1647 3577 2139 3651 rusticandum
2177 3578 2327 3651 dati

373 3696 545 3782 sint,
582 3694 676 3768 ad
714 3720 968 3767 eorum
1007 3722 1388 3770 numerum
1427 3698 2100 3788 accommodentur,
2136 3723 2323 3794 quae

374 3813 776 3885 scribimus.
876 3820 1182 3890 Historia
1215 3842 1387 3890 vero
1425 3844 1559 3892 nec
1596 3821 1874 3890 institui
1912 3831 2150 3917 potest
2181 3819 2320 3888 nisi

377 3947 796 4032 praeparato
848 3937 1032 4027 otio,
1103 3960 1237 4009 nec
1301 3941 1560 4035 exiguo
1633 3952 1959 4038 tempore
2021 3935 2312 4011 absolvi.

824 4114 1034 4124 σε’-

427 4205 441 4237 ¹
478 4218 711 4266 nunus,
751 4201 849 4254 hoc
881 4220 924 4252 a.
998 4206 1021 4241 ¹
1060 4205 1234 4256 aetatis
1261 4221 1396 4256 suae.
1474 4209 1494 4242 ⁸
1532 4222 1632 4256 om.
1669 4214 1740 4255 et.
1811 4206 1832 4243 ἱ
1873 4220 1950 4255 ιο.

2396 830 2488 882 ΙΙΙ.
