3131 5032
779 417 909 484 396
1461 413 1606 480 Lm.
1657 411 1721 496 1,
1775 412 1887 496 15,
1931 414 2040 480 42.

771 638 1016 699 quoque
1049 615 1503 696 commendant,
1542 619 1681 679 satis
1718 618 1994 680 defendit
2025 617 2356 682 Madvigius
2391 617 2736 685 Emendatt.

771 742 833 801 p.
888 721 982 782 12.
1080 720 1303 782 Futura
1351 722 1612 801 postulat
1661 721 1922 783 definitio
2292 725 2735 787 enunciatiom

767 825 1186 906 hypothetica,
1245 825 1323 885 de
1367 845 1440 885 eo
1490 825 1656 905 quod
1707 825 1987 886 futurum
2031 860 2128 886 ω.
2161 860 2243 873 -
2278 826 2408 888 Mox
2423 873 2444 904 ,
2479 829 2699 889 videtis
2710 874 2734 906 ,

765 930 934 991 eredo
951 976 969 1006 ‚
1011 930 1161 1009 quid
1200 931 1283 989 sit
1328 941 1602 1006 acturus,
1641 930 1973 989 necessario
2012 950 2048 989 a
2081 930 2371 991 Lambino
2404 931 2735 1010 corrigitur

748 1035 1073 1114 sactum,
1125 1041 1195 1093 ut
1228 1032 1585 1112 respondeat
1627 1033 1746 1092 hoe
1781 1033 1995 1109 initio,
2034 1033 2183 1113 quid
2219 1035 2412 1110 faciet
2450 1036 2508 1093 is
2540 1035 2730 1096 homo.

761 1136 859 1196 sic
910 1156 1155 1216 quoque
1206 1135 1485 1212 Fin.11,
1547 1135 1658 1211 10,
1713 1135 1821 1211 30,
1873 1156 2035 1196 nunc
2069 1137 2269 1213 vides,
2310 1136 2460 1216 quid
2483 1139 2731 1218 saciat,

762 1259 922 1318 quae
965 1239 1121 1298 mire
1169 1238 1570 1298 sollicitarunt
1600 1239 1720 1299 viri
1752 1238 1932 1299 docti.
1966 1271 2048 1283 —
2081 1240 2267 1316 Tum,
2307 1242 2375 1300 in
2405 1242 2731 1321 proximis,

762 1341 1172 1421 spernendum
1229 1350 1356 1401 erat
1408 1341 1576 1422 quod
1628 1342 1871 1421 Lagom.
1927 1341 2003 1402 10
2045 1342 2406 1419 habet‚i11i
2443 1366 2535 1421 se,
2575 1337 2738 1425 quo-‘

760 1445 929 1505 niam
964 1445 1030 1504 in
1063 1445 1178 1504 hae
1212 1446 1505 1505 sententia
1539 1465 1661 1505 non
1704 1446 1973 1505 eminere
2005 1453 2241 1525 oportet
2276 1446 2394 1507 illi.
2473 1446 2734 1507 Eadem-

761 1567 887 1628 que
924 1546 1003 1608 de
1037 1568 1216 1609 eausa
1256 1568 1381 1610 nou
1413 1548 1835 1628 recipiendum
1866 1547 1986 1611 fuit
2019 1570 2054 1609 e
2090 1548 2524 1626 deterioribus,
2565 1562 2734 1631 turpe

760 1663 995 1711 natura.
1031 1684 1111 1696 -
1150 1650 1323 1727 Quod
1361 1652 1526 1712 Leid.
1562 1651 1610 1710 Ι)
1647 1672 1757 1730 pro
1797 1651 2024 1711 iudicet
2057 1652 2243 1712 habet
2281 1652 2559 1713 videlieet
2571 1698 2595 1730 ,
2629 1672 2732 1714 or·-

760 1761 889 1812 tum
918 1762 1006 1813 est
1030 1775 1106 1815 ex
1132 1754 1490 1833 compendio
1498 1780 1515 1833 3
1541 1756 1748 1834 itaque
1767 1754 2157 1815 confirmatur
2174 1753 2379 1816 neseio
2395 1756 2596 1832 cuius,
2614 1774 2731 1817 neo

759 1876 884 1936 quo
913 1858 1047 1918 loeo
1063 1904 1082 1934 ,
1136 1856 1479 1919 emendatio
1496 1905 1514 1934 ‚
1569 1858 1678 1937 qui
1712 1878 1786 1917 ex
1821 1858 2080 1933 iudices,
2138 1859 2416 1919 videlicet
2446 1859 2728 1919 correxit.

757 1958 926 2019 Infra
958 1960 1082 2035 111,
1117 1960 1226 2036 19,
1256 1959 1363 2035 42,
1398 1960 1502 2020 fin.
1533 1960 1774 2038 Lagom.
1811 1959 1892 2020 39
1920 1980 1994 2020 ex
2023 1962 2147 2019 vim
2180 1960 2406 2021 fecerat
2431 1962 2726 2023 videlieet.

838 2081 913 2120 ne
948 2074 1202 2137 emanet,
1242 2063 1312 2122 id
1345 2073 1457 2137 est,
1500 2083 1574 2121 ne
1615 2063 1834 2122 malum
1871 2059 2104 2142 habeat)
2183 2063 2279 2123 Sic
2313 2063 2442 2124 Fin.
2475 2062 2576 2140 11,
2616 2063 2726 2142 22,

760 2163 859 2225 71.
901 2163 1058 2225 lbid.
1091 2164 1167 2241 9,
1207 2163 1319 2241 28,
1361 2173 1450 2223 est
1482 2164 1786 2224 hominum
1821 2168 2186 2226 conscientia
2214 2178 2452 2226 mmota.
2544 2177 2548 2179 ’

838 2268 909 2325 in
953 2289 1072 2348 qua
1123 2288 1244 2327 non
1289 2269 1456 2327 modo
1500 2268 1662 2328 docti
1674 2313 1693 2344 ,
1735 2269 1838 2328 sed
1867 2271 2047 2328 etiam
2082 2281 2334 2352 agrestes
2359 2265 2728 2349 mhoaenc)

754 2368 954 2429 Prima
995 2371 1305 2451 corruptio
1353 2379 1440 2431 est
1480 2371 1548 2430 in
1581 2370 1738 2432 Voss.
1774 2371 1817 2431 C
1852 2374 2079 2454 agressi
2092 2418 2113 2449 ,
2152 2372 2258 2433 sed
2292 2371 2498 2433 addita
2527 2391 2724 2462 eorru-

752 2474 955 2534 ctione
1024 2473 1285 2535 duarum
1355 2483 1791 2555 postremarum
1864 2475 2227 2555 syllabarum
2295 2487 2520 2538 aomo.-
2577 2466 2725 2538 hino

751 2577 977 2657 reliqui
1004 2597 1235 2639 errores
1264 2579 1331 2638 in
1359 2578 1759 2639 deterioribus
1783 2579 1983 2656 libris,
2022 2581 2087 2638 in
2114 2580 2335 2659 quibus
2360 2588 2450 2641 est
2478 2598 2724 2660 quoque

750 2702 953 2740 verum
1014 2684 1227 2757 etiam,
1287 2678 1530 2762 optimis
1580 2682 1684 2742 sed
1733 2682 2126 2744 servantibus.
2226 2683 2400 2758 Quod
2451 2683 2611 2745 docti
2659 2691 2721 2743 et

754 2795 1010 2866 agrestes
1067 2785 1153 2845 sio
1207 2785 1691 2865 coniunguntur,
1744 2786 1810 2844 fit
1859 2786 2019 2847 idem
2073 2785 2238 2847 offic.
2293 2784 2415 2862 111,
2456 2784 2568 2864 19,
2606 2784 2718 2847 77:

751 2885 1038 2950 paradox.
1075 2888 1151 2966 V,
1198 2888 1269 2966 1,
1311 2887 1420 2949 33:
1465 2889 1625 2950 erat.
1662 2888 1786 2965 111,
1826 2889 1936 2967 25,
1977 2887 2092 2951 98:
2134 2889 2303 2949 truso.
2337 2887 2429 2966 11,
2474 2888 2578 2968 ιβ,
2620 2873 2736 2952 439

1507 3090 1780 3160 CAPUT
1820 3091 1956 3160 XV.

825 3301 869 3382 §
910 3301 1007 3362 42.
1090 3303 1215 3360 iam
1247 3321 1382 3361 vero
1418 3301 1574 3361 illud
1605 3302 2022 3362 stultissimum
2059 3298 2163 3382 -)
2219 3298 2539 3381 Prossigata
2571 3298 2717 3379 Epi-

746 3423 1071 3465 cureorum
1123 3404 1417 3464 sententia
1430 3451 1449 3481 ,
1509 3406 1622 3485 qni
1673 3406 1964 3465 iustitiam
2011 3405 2350 3466 ministram
2399 3402 2717 3485 voluptatis

743 3506 1203 3585 relinquebant,
1264 3527 1433 3567 nune
1485 3527 1586 3568 eos
1636 3506 1990 3587 aggreditur
2039 3507 2150 3586 qui
2203 3507 2298 3566 ius
2327 3515 2390 3567 et
2428 3507 2715 3566 iniuriam

746 3610 923 3667 θέσει
956 3617 1015 3667 et
1046 3613 1227 3688 νόμῳ,
1272 3630 1395 3669 nou
1430 3616 1610 3684 φύσει
1642 3609 2044 3685 dirimebant,
2085 3618 2156 3669 ut
2182 3610 2528 3691 Protagoras
2554 3605 2716 3689 apud

744 3710 1059 3771 Platonem
1111 3711 1351 3774 Theaet.
1404 3734 1464 3793 p.
1523 3713 1666 3790 172,
1729 3714 1801 3775 A.
1854 3713 1928 3790 B,
1983 3713 2211 3793 aliique
2255 3713 2580 3794 sophistae,
2637 3712 2714 3772 de

748 3814 969 3893 quibus
995 3813 1257 3874 Platonis
1290 3817 1450 3878 locos
1496 3818 1724 3878 indicat
1762 3817 2111 3879 Stallbaum.
2151 3818 2226 3878 ad
2262 3819 2438 3897 Gorg.
2465 3838 2527 3898 p.
2563 3813 2713 3892 483,

748 3917 814 3978 Β.
851 3918 930 3978 of.
965 3919 1145 3998 Legg.
1182 3920 1252 3980 X.
1284 3941 1347 4000 p.
1382 3920 1533 3999 889,
1569 3921 1634 3983 E.
1672 3921 1942 3999 Xenoph.
1977 3920 2050 3981 Μ.
2071 3921 2128 3982 S.
2167 3920 2275 3997 IV,
2315 3921 2383 3998 4,
2424 3921 2520 3982 12.
2553 3939 2708 4000 sqq.:

745 4041 1054 4101 quamque
1085 4025 1443 4084 sententiam
1478 4033 1684 4106 postea
1715 4024 1953 4088 ornavit
1979 4023 2334 4087 Carneades:
2378 4023 2456 4086 cf.
2481 4023 2707 4107 Inttpp.

745 4123 823 4183 ad
862 4125 981 4185 Cio.
1025 4125 1282 4206 Republ.
1321 4127 1433 4187 111.
