3131 5032
449 690 638 779 xv3111.

550 796 640 850 45.

555 3729 643 3783 46.

1624 488 1718 558 62

808 709 976 803 Agri
1015 718 1260 778 autem
1306 726 1398 775 ne
1444 714 1986 789 consecrentur,
2040 699 2316 772 Platoni
2365 726 2662 800 prorsus
2758 703 2764 708 “

710 828 1089 898 assentior:
1124 828 1289 923 qui,
1323 827 1381 894 si
1422 821 1643 894 modo
1676 822 2132 919 interpretari
2165 834 2509 918 potuero,
2548 822 2661 895 his

708 944 858 1018 fere
903 944 1142 1019 verbis
1191 924 1439 1015 ulitur.
1540 946 1803 1013 »Terra
1850 943 2107 1038 igitur,
2160 954 2242 1010 ut
2287 939 2494 1013 focus
2530 943 2662 1015 do-

711 1067 1218 1154 »miciliorum,
1250 1086 1531 1136 sacrum
1558 1078 1578 1118 ¹
1624 1060 1927 1133 deorum
1948 1062 2279 1131 omnium
2312 1076 2452 1133 est:
2476 1087 2661 1160 quo-

712 1190 946 1258 »circa
991 1211 1085 1258 ne
1137 1187 1302 1280 quis
1345 1186 1610 1254 iterum
1651 1178 1844 1251 idem
1891 1193 2343 1252 consecrato:
2404 1206 2662 1255 aurum

712 1320 999 1378 »autem
1030 1319 1102 1377 et
1132 1316 1510 1400 argentum
1542 1305 1619 1370 in
1648 1297 1952 1370 urbibus
1978 1312 2051 1370 et
2077 1302 2447 1398 privatim,
2480 1316 2554 1374 et
2585 1306 2663 1373 in

712 1424 941 1498 »fanis
986 1422 1338 1495 invidiosa
1383 1446 1497 1493 res
1538 1435 1681 1491 est:
1731 1434 1890 1490 tum
1927 1419 2112 1491 ebur
2149 1445 2237 1492 ex
2272 1424 2470 1493 inani
2502 1446 2662 1493 cor-

714 1569 934 1645 »pore
966 1557 1403 1630 extractum,
1432 1538 1628 1611 haud
1660 1542 1829 1610 satis
1863 1553 2140 1611 castum
2176 1539 2453 1611 donum
2485 1539 2662 1613 deo:

714 1670 900 1737 »iam
944 1688 1063 1736 aes
1103 1677 1323 1759 atque
1369 1658 1643 1731 sermm
1685 1656 1905 1729 duelli
1951 1661 2465 1749 instrumenta,
2514 1684 2663 1731 non

711 1781 935 1856 »fani:
974 1782 1251 1881 lignum
1275 1794 1302 1833 ²
1345 1791 1585 1850 autem
1619 1776 1822 1874 quod
1854 1780 2017 1873 quis
2042 1785 2070 1824 ⁸
2099 1777 2409 1850 voluerit
2442 1804 2594 1850 uno
2619 1803 2663 1851 e

711 1901 953 2000 »ligno
1016 1913 1263 1973 cavato
1301 1903 1330 1943 ⁴
1384 1902 1706 1993 itemque
1762 1894 2156 1994 lapideum,
2206 1901 2282 1968 in
2341 1897 2662 1971 delubris

711 2017 1295 2093 »communibust
1329 2016 1576 2090 textile
1614 2040 1708 2088 ne
1744 2020 2121 2115 operosius
2152 2042 2373 2114 quam
2414 2019 2663 2091 mulie-

711 2143 860 2211 »ris
898 2163 1085 2238 opus
1123 2150 1610 2225 menstruum,
1665 2134 1865 2207 color
1915 2150 2158 2208 autem
2198 2138 2405 2210 albus
2446 2164 2592 2236 que
2630 2157 2659 2194 ⁵

707 2262 1145 2358 »praecipue
1164 2255 1470 2327 decorus
1491 2253 1631 2326 deo
1660 2268 1796 2344 est,
1828 2278 2060 2351 quum
2087 2259 2163 2326 in
2192 2261 2475 2347 ceteris,
2503 2272 2660 2329 tum

705 2380 1064 2449 »maxime
1093 2379 1171 2446 in
1207 2375 1464 2465 textili,
1500 2377 1726 2445 tincta
1757 2398 1928 2445 vero
1966 2375 2233 2466 absint,
2267 2380 2407 2448 nisi
2437 2402 2481 2450 a
2514 2376 2661 2449 bel-

703 2497 910 2567 »licis
947 2492 1378 2593 insignibus:
1413 2493 1849 2567 divinissima
1882 2508 2127 2567 autem
2157 2495 2349 2568 dona
2382 2494 2605 2570 habes
2627 2514 2655 2554 θ

705 2631 830 2689 »et
887 2613 1163 2688 formae
1218 2616 1311 2688 ab
1360 2640 1511 2686 uno
1567 2618 1843 2714 pictore
1894 2637 2045 2687 uno
2090 2614 2460 2690 absolutae
2510 2618 2655 2692 die:

705 2742 1074 2834 »itemque
1097 2751 1334 2809 cetera
1354 2735 1569 2807 huius
1593 2734 1898 2833 exempli
1920 2735 2109 2808 dona
2130 2737 2341 2809 sunt’'
2371 2744 2422 2808 ⁷.
2473 2744 2661 2812 Haec

707 2857 812 2929 illi
862 2857 1168 2958 placent.
1268 2853 1405 2928 Sed
1454 2879 1590 2955 ego
1647 2870 1880 2928 cetera
1938 2881 2090 2928 non
2138 2870 2285 2928 tam
2334 2863 2660 2932 restricte

706 2977 1098 3079 praefiniO,
1132 2976 1244 3049 vel
1280 2976 1664 3047 hominum
1702 2978 1929 3065 vitiis,
1963 2975 2076 3047 vel
2108 2977 2443 3050 subsidiis
2484 2994 2661 3052 tem-

703 3121 969 3197 porum
1016 3100 1265 3167 victus.
1363 3100 1624 3167 Terrae
1676 3094 1951 3165 cultum
1990 3101 2394 3193 segniorem
2434 3103 2663 3198 suspi-

710 3241 838 3289 cor
875 3218 1063 3306 fore‚
1096 3219 1157 3286 si
1187 3213 1280 3286 ad
1311 3238 1469 3285 eam
1496 3214 1844 3286 tuendam
1867 3234 1894 3272 ⁰
1936 3213 2285 3314 ferroque
2311 3218 2663 3293 subicien-

707 3334 876 3407 dam
905 3353 934 3392 θ
975 3335 1505 3433 superstitionis
1533 3332 1808 3429 aliquid
1844 3340 2241 3407 accesserit.

807 3459 949 3557 Att.
989 3451 1235 3526 Habeo
1268 3455 1421 3525 ista.
1520 3456 1733 3524 Nunc
1763 3451 1855 3526 de
1890 3460 2108 3527 sacris
2144 3463 2542 3558 perpetuis,
2591 3473 2665 3531 et

714 3576 807 3648 de
845 3578 1169 3647 manium
1192 3576 1350 3645 iure
1384 3586 1623 3645 restat.
1698 3578 1795 3645 Μ.
1827 3578 1890 3645 Ο
1926 3579 2181 3648 miram
2214 3583 2663 3668 memoriam,

712 3698 1093 3794 Pomponi,
1130 3690 1354 3765 tuam!
1396 3697 1485 3765 At
1520 3692 1701 3763 mihi
1730 3696 1866 3766 ista
1897 3696 2308 3769 exciderant
2344 3702 2462 3771 ita.
2521 3703 2664 3771 Att.

714 3814 947 3888 Credo
975 3823 1061 3885 ¹⁰.
1128 3812 1265 3886 Sed
1296 3828 1537 3886 tamen
1567 3812 1709 3885 hoc
1736 3818 1956 3911 magis
1977 3840 2094 3888 eas
2127 3842 2241 3888 res
2273 3832 2345 3890 et
2375 3823 2669 3891 memini

771 4132 790 4166 ¹
825 4128 1020 4179 sacra-²
1084 4125 1343 4195 ligneum.
1396 4128 1417 4163 ³
1450 4124 1716 4195 quodque.
1769 4128 1792 4165 ἱ
1823 4125 2077 4180 dedic-to.
2129 4130 2280 4185 ‘mm
2307 4131 2435 4200 q'ne.
2487 4134 2515 4171 ⁸
2547 4147 2685 4185 net.

704 4219 723 4251 ⁷
756 4221 924 4265 sunto.
979 4212 1001 4247 ⁸
1035 4208 1302 4260 utendum.
1352 4214 1376 4246 ⁹
1404 4208 1802 4262 subiiciendnm.
1857 4214 1906 4248 ¹⁰
1941 4212 2256 4266 exciderant.
2301 4216 2405 4268 Au.
2430 4216 2501 4269 ltu
2519 4218 2691 4270 credo.
