3131 5032
1158 381 1467 464 mmm,
1516 387 1792 464 20‚.4s.
2326 390 2455 453 ssa

570 587 638 646 ds
665 597 950 667 potestas
981 597 1108 647 'eum
1145 589 1273 647 i'urs
1308 588 1595 669 disputes)
1673 590 2009 650 Deteriores
2046 588 2278 650 tan'tum
2312 589 2457 650 libri

483 689 984 768 praepositionem
1016 690 1234 751 iterant
1271 698 1414 751 ante
1446 693 1597 751 iure.
1679 689 1852 767 Quod
1886 700 2088 753 autem
2125 692 2455 771 Madvigius

487 791 824 853 Emendatt.
861 811 924 871 p.
969 792 1102 854 107.
1135 794 1347 873 probat
1397 794 1720 855 lectionem
1759 795 1900 856 Cod.
1936 794 2163 855 Monac.
2181 841 2200 872 ,
2239 797 2311 855 ds
2333 817 2452 876 po-

487 903 758 954 testatum
789 896 946 967 iare,
990 894 1241 958 difficile
1274 896 1393 955 erit
1425 898 1681 976 probare
1710 909 2024 979 potestates
2057 897 2183 957 dici
2216 916 2253 958 a
2286 898 2449 970 Cioeae

481 1014 634 1055 rene
665 1015 777 1075 pro
805 999 1292 1079 αοςίεηωὶὸως
1332 1018 1527 1077 eaque
1569 1002 1750 1061 etiam
1787 1001 1868 1061 de
1900 1019 2079 1061 causa
2118 1019 2264 1060 vere
2295 1000 2452 1062 mihi

477 1098 807 1158 correxisse
838 1099 1048 1159 videor
1081 1100 1147 1159 in
1176 1100 1333 1160 Sext.
1369 1099 1480 1176 26,
1515 1101 1597 1162 56
1609 1125 1625 1161 :
1665 1103 1815 1183 (vid.
1848 1104 2047 1166 Schol.
2076 1102 2371 1184 Hypomn.
2398 1104 2447 1164 Ι.

479 1217 539 1278 p.
575 1196 682 1278 86)
709 1208 805 1277 et,
846 1193 897 1260 si
937 1199 1279 1277 diceretur,
1327 1205 1659 1282 quaesitam
1708 1205 1870 1265 hanc
1914 1206 2263 1267 varietatem
2286 1229 2291 1236 ·
2314 1225 2449 1285 pro-

478 1297 740 1360 bandam
792 1320 936 1362 esse.
1018 1302 1134 1362 Sed
1189 1323 1312 1363 non
1362 1305 1704 1367 abiicienda
1737 1307 1937 1368 fuerat
1967 1328 2173 1388 praep.
2227 1308 2298 1367 de
2315 1354 2333 1384 ,
2384 1316 2447 1368 et

477 1401 679 1479 potins
726 1401 1112 1481 corrigenda5
1170 1411 1299 1464 tum
1348 1405 1544 1483 ipsum
1588 1406 1749 1466 illud
1804 1419 1928 1467 tum
1978 1407 2292 1488 (quoniam
2338 1426 2448 1485 ge—

477 1503 704 1564 nfflvus
748 1505 949 1566 abesse
1002 1505 1177 1567 nullo
1227 1505 1407 1567 modo
1455 1515 1650 1586 potest
1666 1506 1710 1587 ,)
1758 1516 2081 1587 corruptus
2123 1509 2321 1569 exitus
2364 1513 2453 1570 est

478 1606 885 1683 pronominis,
941 1607 1107 1686 qnod
1159 1607 1277 1667 fnit
1321 1628 1551 1668 amm.-
1610 1610 1898 1689 locusque
1941 1611 2137 1686 hanc,
2191 1612 2451 1690 opinor,

478 1724 683 1766 veram
720 1707 969 1767 habebit
1000 1708 1297 1783 formam,
1333 1709 1403 1766 ds
1426 1720 1715 1788 potestate
1748 1731 1946 1768 sonam
1977 1722 2035 1769 st
2074 1712 2215 1770 ium
2236 1711 2450 1791 ώζηιιι-

479 1822 582 1870 ces.
665 1811 775 1871 Ius
820 1822 880 1870 se
911 1822 1173 1890 potestas
1216 1810 1426 1871 iuncte
1471 1810 1596 1870 dici
1638 1812 1831 1873 solent
1874 1813 1938 1871 in
1975 1813 2445 1892 magistratibus,

474 1913 632 1972 sicut
670 1911 745 1971 ad
788 1912 919 1973 niv.
957 1912 1136 1987 XIII,
1177 1912 1278 1987 26,
1318 1911 1379 1972 2.

555 2012 600 2095 §
639 2014 737 2075 49.
818 2035 957 2074 nom
978 2015 1260 2095 pluribus
1295 2016 1485 2074 verbis
1513 2017 1757 2094 scripsit
1779 2047 1851 2059 —
1888 2016 1972 2076 M.
1998 2013 2244 2095 Iunius)
2323 2015 2444 2074 Dif-

476 2113 633 2175 ficile
683 2121 773 2175 est
825 2115 1079 2193 probare
1128 2116 1373 2195 scripsit
1388 2161 1407 2190 ,
1460 2134 1586 2174 non
1620 2113 1827 2175 addito
1868 2115 2039 2190 haec,
2087 2123 2191 2176 aut
2225 2117 2296 2176 de
2329 2117 2445 2178 lois.

473 2215 777 2276 Credibile
799 2224 888 2276 est
915 2215 1202 2275 excidisse
1227 2235 1590 2294 pronomen:
1622 2237 1747 2294 quo
1767 2216 1929 2290 loco,
1957 2237 2082 2278 non
2101 2217 2342 2279 definio.
2362 2250 2447 2267 —

476 2316 550 2377 Ι.
592 2317 807 2377 Iunius
836 2316 1054 2377 sodalis
1082 2324 1214 2376 erat
1249 2316 1562 2394 Pomponii
1596 2318 1807 2396 patris:
1849 2317 2030 2398 (sicut
2065 2319 2443 2398 Hortensius,

475 2419 804 2481 admodum
839 2419 1211 2493 adolescens,
1252 2419 1594 2498 appellatur
1625 2419 1844 2478 sodalis
1879 2420 2096 2495 Crassi,
2131 2421 2291 2481 Orat.
2320 2421 2444 2498 111,

472 2524 546 2586 61
571 2568 591 2599 ,
631 2520 803 2602 228.)
836 2521 1038 2602 qnod,
1080 2522 1148 2580 in
1182 2521 1298 2582 hoc
1333 2523 1660 2581 verborum
1695 2521 1938 2596 ordine,
1975 2542 2101 2582 non
2132 2542 2282 2601 opus
2314 2532 2446 2583 erat

470 2624 730 2685 indicari
794 2625 1152 2704 pronomine
1170 2670 1188 2700 ,
1249 2631 1318 2684 nt
1371 2643 1691 2703 perperam
1751 2623 2112 2684 Goerenzius
2171 2623 2441 2703 putabat.

465 2725 748 2787 Ceterum
796 2734 961 2787 recte
1012 2726 1297 2785 videntur
1349 2726 1467 2784 viri
1501 2725 1665 2786 docti
1698 2724 2044 2803 intelligere
2078 2726 2150 2785 H.
2188 2725 2439 2787 Iunium

465 2829 827 2906 cognomine
879 2827 1327 2902 Gracchanum,
1385 2846 1460 2886 ex
1505 2825 1911 2886 familiaritate
1945 2824 2008 2885 C.
2044 2824 2334 2885 Gracchi:
2376 2834 2440 2886 et

461 2929 760 2990 credibile
793 2938 882 2990 est
916 2931 982 2989 in
1015 2929 1271 2990 Gracchi
1314 2927 1716 2987 familiaribus
1750 2927 1944 3005 ipsum
1981 2926 2166 2987 Attici
2202 2935 2434 3007 patrem

459 3030 675 3107 fuisse,
715 3033 764 3092 si
799 3031 1051 3111 quidem
1085 3030 1162 3091 ad
1200 3030 1272 3090 n.
1291 3029 1689 3108 Pomponium
1723 3028 2019 3107 scripsisse
2046 3029 2108 3090 C.
2127 3030 2435 3091 Gracchus

458 3130 718 3191 traditur
746 3131 894 3212 (Cic.
911 3130 1111 3191 Divin.
1129 3129 1224 3204 11,
1243 3128 1324 3189 29
1336 3166 1354 3204 ,
1372 3127 1508 3209 62),
1527 3137 1589 3188 et
1607 3128 1963 3190 Plutarchus
1992 3130 2057 3188 in
2077 3130 2139 3190 C.
2159 3131 2431 3193 Graccho

455 3253 518 3312 p.
551 3232 692 3294 842.
773 3231 1166 3312 Pomponium
1218 3232 1283 3289 in
1336 3230 1635 3289 fidissimis
1682 3232 1814 3290 eius
1864 3232 2074 3291 amicis
2123 3242 2421 3295 munerat.

454 3333 712 3415 Reliqua
756 3335 1050 3415 congessit
1101 3332 1286 3394 Orell.
1338 3333 1403 3391 in
1453 3332 1831 3393 Onomastico
1864 3333 2019 3394 Tull.
2038 3378 2059 3408 ,
2100 3334 2214 3392 nisi
2253 3335 2421 3425 quod

454 3438 654 3499 omisit
684 3438 886 3500 locum
923 3436 1106 3497 Gellii
1138 3436 1209 3497 N.
1247 3435 1318 3496 A.
1355 3435 1512 3510 XIV,
1555 3436 1617 3496 8.

535 3559 642 3598 nos
669 3551 733 3599 ct
759 3543 828 3599 ds
851 3543 984 3600 iun
1007 3550 1255 3599 naturas
1283 3540 1669 3620 cogitariper
1692 3534 1824 3617 nos)
1892 3535 2419 3615 Corruptissimam

452 3643 656 3703 locum
690 3640 1019 3700 nemodnm
1052 3640 1392 3718 expedivit:
1431 3648 1494 3700 et
1521 3639 1716 3700 l'aoeor
1747 3639 1985 3700 facilins
2012 3659 2139 3700 esse
2170 3640 2419 3719 ingenio

451 3744 792 3822 excogitare
822 3741 975 3820 qnid
990 3786 1010 3817 ,
1046 3742 1212 3821 quod
1244 3742 1548 3804 Ciceronis
1573 3743 1825 3803 consilio
1851 3742 2189 3803 satisfacere
2216 3745 2419 3806 videa-

450 3853 554 3908 tur
570 3891 589 3920 ,
644 3864 828 3925 qnam
877 3843 1287 3904 demonstrare
1335 3863 1460 3922 quo
1510 3844 1692 3906 modo
1738 3846 2058 3925 scripserit.
2155 3844 2409 3906 Tantum

449 3946 747 4008 affirmare
795 3946 994 4007 audeo
1012 3991 1030 4021 ,
1086 3965 1402 4026 perperam
1453 3948 1531 4007 ab
1582 3947 1923 4006 Editoribns
1965 3945 2250 4006 omissum
2285 3968 2410 4009 esse

451 4071 556 4110 σιω
588 4050 765 4112 initio
798 4050 1164 4126 sententiae,
1204 4050 1372 4128 quod
1402 4049 1616 4129 optimi
1649 4050 1792 4110 libri
1826 4057 2105 4110 tuentur:
2144 4047 2411 4130 indeque
