3131 5032
755 371 884 438 472
1475 367 1761 453 Lmfl,
1810 373 1885 453 3,
1936 372 1998 435 6.

839 588 1074 637 ventum
1127 578 1196 634 in
1250 576 1509 636 insulam
1562 572 1672 654 eat)
1748 575 1996 636 Temere
2034 574 2242 634 Ambr.
2277 585 2606 654 fluentum
2642 587 2738 635 est

759 683 829 740 in
891 682 1171 740 insulam.
1270 678 1546 739 Alterum
1616 678 1892 740 ordinem
1912 725 1931 757 ,
1992 685 2064 738 ut
2121 685 2252 757 post
2307 678 2588 757 particip.
2644 690 2742 738 est

759 785 1070 844 reiiciatur
1122 783 1187 841 in
1236 782 1453 859 finem,
1495 792 1655 843 amat
1705 783 1946 843 Cicero:
1976 781 2150 841 cons.
2192 780 2447 859 Madvig.
2489 781 2566 840 ad
2599 781 2737 841 rin.

761 887 809 945 V
828 934 847 964 ,
907 888 988 949 29
1007 934 1026 963 ,
1085 886 1185 948 86.
1238 908 1296 967 p.
1350 888 1490 949 772.
1592 888 1724 947 Non
1788 895 1953 947 recte
2013 886 2294 946 Ernestus
2343 887 2497 946 haee
2547 885 2739 944 verba

758 991 982 1067 Quinto
1033 992 1268 1052 tribuit.
1366 991 1715 1052 Rectissime
1768 991 1856 1051 sic
1898 991 2171 1071 loquitur
2207 989 2446 1049 Atticus
2466 1035 2485 1065 ,
2521 1008 2738 1068 quam·

756 1113 942 1173 quam
994 1086 1159 1152 nunc
1199 1096 1466 1172 primum
1514 1093 1641 1152 huc
1673 1094 1930 1153 venisset
1946 1118 1965 1152 .·
2006 1110 2184 1171 supra
2221 1092 2386 1152 enim
2419 1092 2550 1171 ipse
2575 1090 2740 1150 indi·

758 1203 1030 1270 caverat,
1071 1215 1229 1274 quae
1273 1204 1406 1255 tum
1461 1196 1525 1254 in
1575 1204 1902 1276 conspectu
1938 1204 2067 1256 erat
2086 1241 2105 1273 ‚
2157 1195 2418 1255 insulam
2456 1194 2736 1254 Fibreni:

762 1306 892 1358 tum
956 1298 1106 1358 haec
1163 1297 1514 1374 admiratio,
1576 1320 1733 1379 quae
1782 1320 1924 1360 mox
1977 1299 2383 1379 significatur,
2443 1319 2565 1359 non
2609 1299 2739 1357 nisi

761 1400 1030 1462 Atticum
1082 1400 1258 1461 decet
1306 1401 1384 1461 de
1426 1402 1636 1463 tribus.
1717 1403 1791 1461 In
1823 1403 1938 1462 hac
1973 1402 2169 1462 insula
2202 1402 2493 1480 cogitavit
2524 1401 2735 1461 Cicero

763 1504 1093 1583 aliquando
1124 1504 1355 1565 Tulliae
1386 1507 1732 1565 ἀποθέωσιν
1768 1505 2061 1566 condere:
2094 1504 2173 1564 ad
2202 1504 2325 1566 Au.
2358 1503 2500 1580 XII,
2534 1503 2636 1579 12,
2675 1503 2737 1565 1.

841 1607 949 1667 Inoo
999 1628 1132 1667 vero
1182 1608 1342 1667 nihil
1392 1609 1760 1684 amoeniua.')
1845 1607 2017 1667 Edidi
2070 1609 2179 1670 hoc
2229 1628 2304 1667 ex
2351 1608 2433 1683 E,
2475 1628 2586 1686 pro
2620 1606 2739 1667 bac

760 1710 926 1789 quod
979 1710 1202 1788 reliqui
1238 1711 1367 1771 fere
1401 1732 1608 1772 omnes
1642 1720 1915 1787 servant,
1955 1711 2123 1790 quod
2155 1710 2483 1771 amoenitas
2513 1709 2620 1769 illa
2651 1709 2741 1769 ad

761 1822 956 1873 totum
990 1813 1168 1873 situm
1188 1861 1205 1890 ,
1246 1831 1526 1894 quaeque
1575 1814 2034 1875 circumdabant
2074 1814 2333 1875 insulam
2366 1812 2610 1874 videtur
2637 1833 2739 1872 re·

762 1916 940 1992 ferri,
981 1936 1095 1977 nec
1131 1925 1363 1977 tantum
1399 1918 1477 1976 ad
1509 1918 1818 1978 modicum
1852 1918 2010 1978 illud
2043 1918 2323 1997 spatium.
2404 1918 2554 1976 Tum
2589 1917 2740 1977 alio·

761 2038 902 2078 rum
953 2019 1250 2079 librorum
1302 2021 1659 2080 auctoritate
1699 2021 1870 2081 omisi
1919 2032 2004 2081 ese
2019 2066 2038 2096 ,
2082 2029 2289 2099 utpote
2333 2020 2398 2078 in
2440 2019 2739 2079 exclama-

762 2121 948 2182 tione.
1030 2124 1073 2181 F
1074 2124 1159 2183 in.
1197 2123 1290 2198 ll,
1330 2122 1389 2184 3.
1440 2123 1606 2198 init„
1661 2123 1768 2183 hoc
1819 2144 1954 2183 vero
2010 2125 2329 2203 optimum!
2387 2122 2740 2202 Eademque

763 2224 843 2284 de
899 2243 1074 2283 causa
1126 2233 1291 2285 recte
1341 2237 1427 2285 est
1476 2225 1676 2286 abesse
1727 2226 1805 2286 ab
1857 2246 1928 2288 ea
1984 2225 2397 2305 interrogandi
2438 2225 2699 2286 formula
2722 2271 2742 2301 ,

765 2345 923 2406 quae
952 2328 1330 2388 exclamandi
1359 2328 1821 2389 similitudinem
1848 2329 2030 2389 hahet
2054 2330 2239 2412 (nihil
2266 2330 2535 2406 stultius,
2566 2326 2745 2410 cet.),

767 2428 1200 2491 demonstravit
1231 2431 1480 2491 Beierns
1511 2430 1589 2490 ad
1627 2430 1791 2493 Offic.
1829 2432 1928 2508 11,
1974 2433 2085 2507 15,
2128 2432 2226 2494 54.
2260 2451 2321 2510 p.
2363 2430 2499 2491 104.

846 2535 1062 2594 etenim
1087 2535 1195 2595 hoc
1221 2537 1399 2615 quasi
1427 2546 1609 2595 rostro
1624 2537 1893 2616 finditur
1918 2534 2233 2617 Fibrenus)
2291 2535 2467 2595 Edidi
2496 2536 2742 2610 etenim,

768 2638 836 2696 in
885 2636 1052 2717 quod
1101 2637 1293 2699 Davis.
1331 2640 1680 2699 coniectura
1714 2639 2043 2715 inciderat,
2096 2659 2170 2699 ex
2212 2639 2418 2700 Ambr.
2453 2663 2507 2719 γ.
2585 2638 2746 2697 Novi

770 2739 982 2819 partic.
1041 2752 1110 2800 ut
1173 2741 1238 2799 in
1300 2741 1715 2802 admirationis
1776 2742 2214 2803 exclamatione
2274 2741 2577 2822 usurpari:
2634 2739 2745 2800 sed

770 2862 973 2922 neque
1011 2843 1432 2904 exclamationi
1467 2846 1751 2906 convenit
1784 2847 1943 2907 coni.
1986 2848 2144 2905 enim
2164 2892 2181 2921 ,
2223 2863 2337 2904 nec
2371 2844 2560 2923 magis
2591 2843 2745 2904 huic

772 2946 982 3024 generi
1009 2955 1145 3026 apta
1175 2956 1261 3007 est
1292 2956 1410 3008 tam
1439 2949 1621 3027 longe
1650 2938 1975 3009 verborum
2010 2949 2220 3023 series,
2262 2947 2325 3006 in
2360 2968 2482 3026 qua
2509 2947 2745 3026 singula

770 3049 1154 3128 explicantur
1184 3051 1476 3111 eiusmodi
1497 3097 1516 3127 ,
1557 3059 1625 3110 ut
1658 3052 1724 3111 in
1755 3050 2221 3130 descriptionem
2247 3049 2496 3125 cadant,
2524 3069 2647 3110 non
2671 3056 2744 3108 ut

771 3161 1162 3232 spectatorem
1197 3155 1567 3233 percellant,
1608 3154 1763 3214 sicut
1798 3154 1957 3214 infra
1991 3154 2131 3232 Cap.
2169 3155 2274 3231 15,
2309 3154 2407 3215 39.
2438 3184 2519 3199 —-
2539 3154 2745 3212 Rasin·

770 3276 994 3316 nomen
1039 3257 1300 3336 eleganti
1346 3256 1696 3336 metaphora
1735 3257 2090 3319 transfertur
2110 3304 2127 3333 ,
2170 3257 2217 3316 si
2252 3257 2583 3334 cogitamus
2620 3274 2742 3334 qua

771 3359 963 3420 forma
1013 3361 1271 3439 oblonga
1325 3369 1386 3420 et
1436 3362 1502 3420 in
1543 3361 1812 3440 apicem,
1857 3360 2175 3421 adversum
2218 3360 2442 3435 fluvio,
2485 3365 2744 3419 exeunte

772 3463 918 3522 istae
969 3463 1198 3523 insulae
1237 3484 1362 3524 esse
1393 3465 1620 3524 soleant
1664 3484 1812 3544 quas
1857 3465 2127 3524 fluminis
2161 3464 2250 3524 vis
2283 3463 2512 3543 dilapsa
2548 3462 2742 3522 alluit.

774 3564 1009 3622 Similes
1057 3563 1418 3639 locutiones,
1479 3566 1575 3645 (ut
1612 3566 1847 3644 aliquid
1877 3566 2155 3627 Creuzeri
2195 3566 2384 3645 copiis
2428 3565 2746 3640 addamus)

770 3673 1132 3725 notaverunt
1183 3686 1220 3726 e
1265 3668 1502 3726 Graecis
1536 3675 1598 3727 et
1632 3668 1855 3727 Latinis
1894 3669 2172 3749 Sigonius
2205 3678 2265 3729 et
2298 3670 2636 3730 Gronovius
2671 3666 2747 3728 ad

771 3768 1012 3830 Livium
1745 3771 1850 3830 itus
1897 3774 2056 3833 Ann.
2112 3774 2210 3848 11,
2252 3773 2325 3849 6,
2368 3772 2446 3832 de
2495 3772 2743 3846 Rheno,

774 3871 1023 3932 modicae
1745 3895 1862 3934 ms:
1919 3877 2085 3955 quod
2120 3877 2468 3956 exemplum
2517 3875 2744 3936 nollem

773 3976 986 4036 alienis
1040 3996 1457 4055 lnterposlmm
1512 3997 1547 4037 a
1598 3977 1798 4038 nortio
1850 3979 1927 4038 ad
1977 3980 2192 4042 Salust.
2248 3981 2379 4059 lug.
2435 3979 2629 4055 LVII,
2684 3979 2741 4039 2.

777 4080 978 4142 Livius
1013 4079 1180 4157 xx1,
1220 4079 1336 4156 31,
1379 4079 1448 4156 4,
1492 4080 1656 4142 Arar
1700 4083 2133 4164 Rhodanusque
2181 4105 2379 4145 amnes
2418 4084 2642 4144 diversi
2674 4101 2743 4142 es
