3131 5032
1148 377 1285 445 Lm.
1338 377 1433 462 11,
1485 380 1557 462 7,
1615 380 1714 444 16.
2276 381 2402 448 495

396 661 401 668 ι
450 583 759 664 indigebat
790 585 906 646 hoo
939 584 1234 646 vocabulo
1267 583 1478 645 Cicero
1528 591 1600 642 ut
1652 582 1947 643 concinne
1992 589 2056 642 et
2108 589 2248 661 apte
2296 581 2414 641 sibi

449 689 715 749 invicem
766 695 1218 768 opponerentur
1271 689 1375 746 viz·
1428 708 1656 746 summa
1708 688 1836 768 ing.
1870 688 2098 745 ratione
2130 718 2205 730 -—
2246 686 2414 747 nulla

449 794 697 853 ratione.
778 792 911 852 Nat.
950 791 1017 852 Ι).
1055 790 1147 866 11,
1189 789 1296 866 38,
1339 789 1450 860 97,
1492 790 1558 848 in
1586 788 1801 849 eodem
1837 796 2222 867 argumento,
2264 809 2415 867 quae

450 906 670 975 quanto
715 896 963 955 consilio
1008 905 1290 975 qerantur
1320 893 1484 952 nullo
1525 892 1777 952 consilio
1809 894 2045 970 assequi
2063 913 2415 971 possumus.-

451 999 516 1057 in
553 997 778 1076 quihus
808 998 1084 1057 similiter
1124 995 1357 1075 aliquid
1395 995 1608 1055 datum
1648 1003 1738 1055 est
1767 994 2178 1056 concinnitati.

532 1113 824 1160 astrorum
866 1099 1124 1180 ordines)
1203 1100 1294 1159 Ita
1334 1098 1665 1179 appellavit
1697 1118 1942 1177 quoque
1977 1098 2108 1158 Nat.
2140 1096 2209 1159 l).
2245 1098 2289 1158 l.
2324 1117 2418 1175 c.‚

451 1204 857 1284 intelligitque
903 1203 1300 1265 sucessionem
1349 1209 1411 1260 et
1453 1201 1896 1263 vicissitudines
1927 1201 1995 1259 in
2028 1207 2195 1260 motu
2228 1207 2419 1260 astro-

448 1327 616 1367 rum:
676 1308 894 1367 eodem
942 1305 1167 1386 plurali
1215 1305 1409 1364 utitur
1457 1304 1624 1365 Brut.
1663 1304 1734 1382 4,
1784 1305 1859 1363 15
1872 1350 1890 1379 ‚
1933 1304 2165 1363 ordines
2197 1315 2420 1384 tempo-

450 1430 580 1468 rum
619 1409 948 1488 explicam.-
992 1416 1123 1466 tum
1160 1405 1362 1466 Milon.
1399 1404 1516 1480 30,
1558 1404 1674 1480 83,
1714 1405 1817 1465 fin.
1837 1451 1854 1481 ‚
1897 1405 2005 1465 ubi
2040 1405 2206 1465 idem
2243 1424 2419 1484 argu-

450 1518 726 1570 mentum
756 1510 1014 1570 oratorie
1043 1516 1247 1584 ornat,
1277 1508 1724 1568 vicissitudines
1747 1529 1941 1567 rerum
1967 1519 2140 1587 atquc
2167 1508 2419 1570 ordines.

451 1612 876 1692 Intempestive
910 1612 1063 1672 haec
1098 1611 1356 1671 contulit
1390 1610 1468 1670 ad
1498 1608 1664 1670 Offic.
1701 1610 1767 1686 1,
1810 1610 1881 1686 4,
1926 1610 2033 1686 13,
2074 1609 2338 1670 Beierus.

532 1735 704 1795 quem
744 1737 813 1775 ea
850 1736 999 1795 quas
1028 1710 1391 1796 gignuntur)
1471 1712 1724 1773 Videtur
1771 1712 2180 1791 plurimorum
2233 1711 2420 1775 Codd.

449 1819 768 1878 auctoritas
813 1838 888 1878 eo
935 1818 1197 1893 ducere,
1255 1824 1325 1878 ut
1379 1816 1712 1896 legendum
1753 1816 1863 1893 sit,
1915 1839 2084 1897 quem
2126 1838 2274 1896 quas
2322 1817 2422 1898 gi·

442 1934 734 2004 guantur.
783 1954 864 1968 —-
917 1922 1048 1982 Mox
1085 1920 1328 1981 restitui
1362 1932 1580 2002 cogunt
1616 1940 1692 1980 ex
1726 1920 1969 1999 optimis
2001 1919 2188 1980 libris.
2268 1917 2423 1979 Tum

446 2047 632 2105 neque
682 2026 844 2086 decet
892 2046 969 2085 ex
1016 2024 1394 2085 correctione
1444 2032 1684 2084 ortum:
1727 2023 1872 2099 sed,
1913 2022 2079 2103 quod
2118 2022 2261 2082 libri
2297 2041 2421 2083 non

448 2127 703 2191 correcti
767 2127 1025 2202 habent,
1082 2127 1192 2206 qui
1252 2127 1415 2186 decet
1430 2172 1449 2201 ‚
1507 2127 1939 2206 corrigendum
2000 2127 2216 2186 leviter
2276 2125 2426 2205 quid

450 2231 611 2290 decet
628 2274 647 2304 ,
675 2248 798 2307 qua
826 2231 1060 2288 ratione
1093 2227 1437 2306 corrigendi
1472 2248 1650 2307 supra
1690 2250 1830 2289 usus
1863 2250 1996 2289 sum
2015 2275 2033 2305 ‚
2065 2228 2127 2304 1,
2159 2227 2268 2304 20,
2302 2227 2420 2305 53,

452 2351 514 2409 p.
548 2331 693 2405 429,
736 2339 805 2389 ut
841 2331 1045 2389 minus
1078 2339 1243 2391 recte
1276 2330 1393 2390 hoc
1427 2332 1775 2410 exemplum
1807 2331 2043 2392 adferat
2075 2331 2150 2393 M.
2188 2331 2425 2393 Gudius

451 2431 530 2492 ad
566 2429 820 2491 Phaedr.
861 2431 989 2506 111,
1035 2431 1148 2507 12,
1189 2431 1292 2490 fin.

532 2556 682 2615 quas
725 2546 864 2594 sunt
901 2536 1155 2594 rationis
1190 2532 1479 2614 expertia)
1558 2531 1709 2592 Casu
1740 2533 1973 2594 factum
2005 2542 2077 2594 ut
2107 2547 2247 2596 sunt
2280 2535 2422 2596 ede·

449 2660 580 2700 rem
628 2639 1106 2718 repugnantibus
1146 2638 1429 2699 omnibus
1461 2636 1663 2697 libris:
1707 2637 1808 2697 sed
1846 2656 2027 2697 nemo
2063 2645 2263 2699 tamen
2297 2638 2417 2700 du-

450 2742 667 2804 bitabit
702 2743 855 2821 quin
892 2742 1001 2803 isto
1035 2741 1251 2818 mode,
1291 2763 1416 2803 non
1449 2743 1607 2816 sint,
1653 2740 1981 2819 legendum
2011 2741 2105 2801 sit.

530 2847 819 2906 rationem
869 2848 1059 2905 inesse
1116 2847 1185 2904 in
1228 2843 1323 2927 ea)
1403 2844 1849 2923 Exspectaveris
1887 2845 1956 2903 in
1989 2844 2099 2904 hac
2122 2888 2139 2918 ‚
2177 2844 2221 2905 i.
2258 2864 2313 2905 e.
2349 2844 2419 2905 in

452 2956 667 3008 natura
719 2948 994 3007 omnium
1048 2967 1254 3008 rerum
1275 2992 1294 3022 ‚
1350 2966 1508 3026 quae
1556 2946 1674 3006 hoc
1708 2946 2065 3025 pronomine
2096 2945 2420 3008 indicanda

451 3050 695 3112 videtur
732 3070 878 3130 prae
918 3052 1101 3111 ullius
1139 3053 1231 3110 rei
1268 3061 1501 3110 natura.

529 3166 785 3235 quantas
823 3155 1007 3214 saluti
1037 3157 1162 3214 sine
1187 3153 1500 3232 foederum
1545 3148 1888 3233 religiones)
1965 3150 2230 3230 Exigua,
2270 3171 2420 3231 paee

447 3258 657 3319 Mosei-i
698 3257 898 3318 dicam
918 3304 937 3334 ,
978 3258 1299 3318 auctoritas
1329 3264 1418 3317 est
1450 3253 1635 3316 Codd.
1674 3262 1746 3314 ut
1775 3255 2175 3315 constituatur
2208 3262 2418 3315 utrum

447 3364 632 3422 soluti
644 3408 664 3438 ,
724 3382 803 3421 an
853 3363 1066 3421 salutis
1118 3369 1354 3420 rectum
1400 3358 1495 3420 sit.
1588 3356 1702 3418 Sed
1745 3358 1884 3418 satis
1927 3366 2156 3418 constat
2189 3358 2418 3420 locutio

448 3465 631 3524 soluti
659 3487 811 3540 esse,
850 3472 921 3524 ut
954 3466 1165 3524 honori
1199 3485 1348 3539 esse,
1377 3470 1440 3525 et
1466 3461 1708 3522 similia.
1762 3459 2085 3539 Perperam
2112 3481 2416 3522 commen-

452 3563 630 3625 datur
681 3567 1013 3643 genitivus,
1070 3568 1181 3647 qui
1243 3586 1369 3627 non
1422 3566 1535 3626 nisi
1586 3565 1654 3623 in
1716 3564 1966 3624 consilio
2022 3562 2418 3642 significando

453 3677 813 3747 usurpatur,
872 3676 1033 3728 certe
1082 3669 1148 3729 in
1201 3670 1493 3749 exemplis
1542 3688 1701 3749 quae
1748 3667 2033 3728 excitavit
2063 3666 2409 3745 Turnebus3

451 3770 612 3831 conf.
648 3770 817 3831 Verr.
862 3769 924 3829 11
945 3815 963 3845 ‚
1004 3771 1117 3845 53,
1164 3771 1312 3847 132,
1358 3772 1565 3852 ibique
1611 3771 1998 3844 Garatouius:
2041 3790 2114 3830 eo
2147 3771 2415 3849 pertinet

450 3873 605 3934 Livii
640 3873 771 3948 XL,
811 3872 928 3948 52,
973 3873 1043 3948 1,
1083 3873 1426 3952 exemplum
1464 3875 1799 3935 indicatum
1845 3893 1881 3933 a
1918 3871 2414 3933 Drakenborchio

450 3978 526 4038 ad
578 3978 757 4038 xxxl
776 4023 795 4053 ,
841 3977 942 4051 12,
996 3974 1063 4035 4:
1108 3984 1238 4036 tum
1279 3997 1438 4057 quae
1484 3977 1561 4038 ad
1597 3977 1826 4038 Platon.
1855 3976 2036 4054 Gorg.
2068 3996 2129 4054 p.
2167 3975 2327 4053 457,
2363 3973 2410 4036 E

449 4081 680 4142 indicat
714 4079 1160 4140 Stallhaumius.
