3131 5032
1308 502 1402 573 25

378 738 641 788 venum
683 738 834 785 uon
881 717 1083 802 item,
1132 728 1207 785 at
1256 717 1543 811 ingenia
1580 727 1865 805 natura,
1918 720 2212 787 virtutes
2249 731 2316 788 et

377 839 575 924 vitia,
632 858 825 932 quae
877 836 1227 907 exsistunt
1271 831 1364 905 ab
1412 836 1750 931 iugeniiS,
1801 834 2005 907 aliter
2054 835 2322 909 iudica-

373 956 686 1028 buntur:
734 972 825 1026 an
859 977 941 1025 ea
972 977 1119 1025 non
1152 952 1357 1026 aliter
1386 977 1605 1049 quam
1639 951 1938 1026 honesta
1976 968 2049 1025 et
2088 961 2323 1055 turpia

373 1100 522 1147 non
554 1073 648 1147 ad
682 1087 1011 1147 naturam
1044 1069 1299 1144 referri
1322 1095 1611 1144 necesse
1645 1075 1782 1144 erit
1810 1088 1860 1145 ¹.
1933 1075 2148 1164 Quod
2176 1076 2325 1148 lau-

375 1193 613 1266 dabile
669 1194 950 1265 bonum
993 1206 1133 1283 est,
1190 1195 1265 1263 in
1312 1215 1388 1263 se
1432 1190 1693 1264 habeat
1743 1193 1946 1289 quod
1994 1193 2328 1266 laudetur

371 1338 663 1387 necesse
704 1327 847 1384 est:
896 1315 1133 1411 ipsum
1173 1315 1365 1393 enim
1405 1311 1683 1384 bonum
1716 1337 1865 1385 nou
1898 1326 2007 1385 est
2043 1317 2327 1412 opinio-

372 1433 622 1522 nibuS,
674 1431 799 1504 sed
833 1445 1120 1504 natura:
1169 1457 1365 1520 nam,
1410 1435 1486 1502 ni
1522 1435 1620 1503 ita
1652 1445 1867 1522 esset,
1918 1432 2112 1505 beati
2141 1457 2326 1530 quo-

375 1578 523 1650 que
568 1556 915 1652 opinione
961 1565 1227 1623 esseut:
1277 1576 1427 1648 quo
1466 1550 1646 1648 quid
1687 1551 1827 1623 dici
1873 1567 2112 1650 potest
2153 1552 2326 1623 stul-

381 1670 571 1742 tius?
663 1674 935 1760 Quare,
981 1693 1210 1765 quum
1248 1683 1319 1741 et
1350 1666 1630 1740 bonum
1664 1684 1738 1741 et
1771 1670 2035 1743 malum
2070 1684 2324 1743 natura

381 1789 767 1878 iudicetur,
815 1802 888 1860 et
921 1812 1002 1860 ea
1034 1792 1175 1858 sint
1212 1791 1562 1886 principia
1601 1803 1931 1880 naturae3
1970 1805 2164 1861 certe
2200 1789 2330 1862 ho·

380 1923 583 1980 nesta
610 1931 909 2004 quoque
932 1922 1006 1978 et
1031 1909 1271 2004 turpia
1297 1906 1510 1978 simili
1538 1911 1815 1980 ratione
1842 1907 2327 1999 diiudicanda,

376 2044 446 2101 et
505 2027 597 2101 ad
655 2042 986 2099 naturam
1045 2024 1416 2099 referenda
1475 2041 1664 2099 sunt.
1763 2028 1900 2101 Sed
1950 2029 2326 2128 perturbat

375 2149 513 2219 nos
557 2149 987 2245 opinionum
1034 2147 1333 2217 varietas
1377 2143 1903 2243 hominumque
1957 2146 2326 2220 dissensio,

379 2272 466 2339 Et
498 2270 672 2363 quia
710 2290 859 2337 non
892 2263 1083 2336 idem
1119 2267 1471 2363 contingit
1505 2268 1581 2335 in
1622 2265 1948 2338 sensibus
1971 2318 1991 2357 ,
2041 2265 2177 2338 hos
2208 2293 2331 2341 na·

381 2400 545 2458 tura
590 2400 827 2458 certos
871 2398 1239 2484 putamuS,
1288 2383 1404 2456 illa
1435 2408 1622 2480 quae
1659 2384 1811 2457 aliis
1851 2390 1985 2478 sic,
2032 2387 2184 2458 aliis
2221 2411 2329 2459 se-

378 2533 543 2597 cus,
572 2531 709 2579 nec
742 2504 992 2578 iisdem
1024 2528 1308 2603 semper
1332 2529 1483 2575 uno
1515 2502 1734 2577 modo
1766 2504 2134 2602 videntur,
2161 2505 2326 2580 ficta

380 2653 538 2700 esse
571 2627 910 2699 dicimus:
943 2625 1144 2723 quod
1175 2638 1281 2697 est
1321 2623 1533 2721 longe
1563 2624 1788 2697 aliter.
1860 2630 2041 2699 Nam
2079 2652 2328 2699 sensus

385 2761 671 2817 nostros
719 2771 865 2818 nou
915 2768 1204 2845 pareus,
1254 2768 1401 2813 non
1441 2747 1716 2834 nutrix,
1770 2769 1913 2816 non
1955 2751 2327 2843 magister,

386 2888 540 2935 non
575 2878 808 2963 poeta,
841 2888 991 2935 non
1025 2886 1236 2935 scena
1261 2860 1635 2960 depravat,
1668 2887 1817 2934 non
1846 2864 2327 2938 multitudinis

383 3007 772 3056 consensus
804 2982 1097 3055 abducit
1131 3007 1175 3054 a
1206 3006 1406 3053 vero:
1439 2984 1699 3053 animis
1738 3007 1989 3054 omnes
2020 2984 2329 3057 tendun-

380 3119 504 3177 tur
554 3104 880 3193 insidiae,
930 3102 1041 3175 vel
1086 3101 1181 3175 ab
1219 3105 1335 3192 iis,
1386 3125 1572 3198 quos
1620 3101 1838 3173 modo
1884 3111 2327 3197 enumeravi,

376 3229 509 3322 qui
539 3238 829 3295 teneros
864 3237 937 3294 et
971 3220 1185 3293 rudes
1224 3245 1453 3318 quum
1490 3237 1959 3320 acceperunt,
1997 3222 2327 3297 inficiunt

377 3358 448 3416 et
482 3344 817 3432 flectunt,
857 3357 939 3415 ut
968 3340 1251 3430 volunt3
1288 3339 1395 3412 vel
1431 3339 1523 3412 ab
1557 3365 1672 3428 ea,
1707 3367 1893 3439 quae
1925 3349 2214 3443 penitus
2250 3351 2324 3417 in

380 3468 579 3536 omni
599 3487 816 3535 sensu
842 3461 1198 3559 implicata
1219 3460 1510 3550 insidet,
1536 3465 1877 3534 imitatrix
1904 3463 2077 3535 boni
2092 3517 2112 3554 ,
2135 3466 2334 3538 volu·

385 3598 567 3681 ptaS,
611 3582 965 3654 malorum
992 3596 1237 3653 autem
1266 3595 1493 3651 mater
1519 3586 1882 3673 omnium,
1917 3589 2121 3656 cuius
2144 3585 2333 3659 blan-

388 3702 576 3774 ditiis
598 3705 957 3801 corrupti,
985 3725 1172 3797 quae
1198 3714 1455 3772 natura
1474 3699 1667 3773 bona
1691 3716 1859 3773 sunt
1874 3754 1894 3791 ,
1914 3709 2085 3800 quia
2107 3705 2335 3779 dulce-

388 3821 550 3895 dine
581 3823 721 3895 hac
757 3836 831 3893 et
867 3819 1103 3893 scabie
1140 3832 1415 3910 carent,
1464 3843 1611 3891 uon
1654 3836 2052 3894 cernuntur
2076 3835 2104 3873 ²
2146 3831 2332 3898 satis.

395 3972 670 3980 ffi—“ff--
691 3974 708 3977 ο

447 4039 466 4075 ¹
501 4036 611 4090 Nos
654 4036 872 4105 ingenia
909 4035 1157 4087 iuvenum
1198 4033 1488 4086 iudicamus
1514 4037 1724 4087 natura:
1764 4052 1867 4087 non
1903 4037 2029 4088 item
2060 4039 2271 4089 virtutos
2299 4049 2350 4090 et

384 4124 533 4186 vitia,
578 4138 717 4191 quae
755 4122 1010 4171 exsistunt
1042 4121 1109 4170 ab
1148 4120 1411 4189 ingeniis,
1464 4119 1871 4172 iudicabuntur?
1959 4126 2041 4172 An
2070 4140 2129 4173 ea
2157 4123 2342 4175 aliter:

389 4205 587 4259 boumn
616 4234 685 4246 —
720 4205 856 4254 erit?
928 4205 949 4240 ²
986 4214 1220 4254 cernunt.

2392 2046 2480 2099 4⁷.
