3131 5032
1373 442 1516 517 233

699 645 926 701 CAPUT
977 645 1096 700 vn.

805 832 839 899 §
892 832 975 884 ιε.

393 1011 563 1081 aliqua
591 1011 659 1064 de
693 1012 860 1065 tribus
888 1013 946 1065 Β.

395 1103 679 1173 (aliquem)
714 1104 776 1156 Β.

391 1205 443 1245 et
468 1211 679 1264 ceperas
712 1194 758 1247 A
791 1194 984 1264 (corr.)
1014 1195 1053 1247 Β
1084 1195 1125 1247 Β
1161 1196 1221 1249 δ.

388 1286 690 1354 quaeaicum
720 1286 930 1356 (igitur)
964 1297 1039 1339 est
1065 1287 1131 1338 ab
1160 1287 1270 1339 illis
1295 1289 1383 1341 10.

387 1379 681 1447 quaesitum
699 1388 778 1429 est
796 1380 957 1448 igitur
970 1387 1013 1443 ,θ
1035 1380 1157 1432 120.
1177 1380 1300 1433 127.
1317 1381 1383 1432 V.

387 1477 465 1519 est
491 1468 558 1519 ab
590 1468 700 1520 illis
738 1487 773 1518 a
807 1470 895 1522 39.

384 1557 614 1629 placeret
659 1559 782 1628 (ne)
823 1563 869 1613 A
902 1564 936 1611 B
967 1562 1007 1613 Β
1036 1565 1081 1624 β
1111 1562 1151 1613 δ
1178 1563 1266 1614 11.
1296 1563 1388 1617 65.

387 1666 502 1701 ease
537 1652 817 1721 magistrati
851 1651 890 1703 Β
921 1652 985 1704 Β.

385 1755 552 1792 unum
593 1759 704 1795 esse
746 1744 1102 1813 magistratum
1145 1746 1205 1796 in
1244 1747 1384 1799 civi-

450 1840 554 1883 tate
589 1850 624 1881 α
659 1833 745 1887 10.

382 1937 549 1974 unum
578 1941 692 1975 esse
721 1926 779 1975 in
805 1926 1010 1978 civitate
1040 1927 1275 1997 magistr.
1293 1928 1381 1980 39.

382 2015 700 2083 magistratui
733 2016 926 2083 reliqui
959 2036 1015 2082 r.

381 2117 596 2175 pareant
628 2106 716 2159 10.
751 2106 813 2159 R„
945 2131 948 2134 ’

382 2196 647 2266 placerent
677 2197 718 2248 A
751 2197 790 2248 B
821 2197 862 2250 Ε
898 2199 987 2252 11.

384 2288 653 2340 exactibus
685 2289 748 2341 E.

381 2381 699 2450 placuissent
729 2384 766 2432 Β
796 2380 860 2433 Β.

385 2470 478 2523 sed
507 2466 600 2542 qi'n
639 2470 708 2525 A.

383 2564 548 2630 regali
585 2565 644 2615 Β.

381 2664 558 2722 postea
593 2669 717 2705 vero
747 2664 852 2704 tam
882 2653 969 2707 10.

381 2755 559 2815 postea
589 2762 712 2797 vero
743 2763 849 2797 non
876 2755 988 2797 tam
1023 2763 1078 2799 α.

382 2853 540 2904 qnam
568 2836 745 2906 regnis
777 2833 816 2885 Β
847 2834 888 2886 Β
919 2834 978 2888 δ.

382 2928 546 2996 regiis
579 2927 645 2980 A.

381 3029 674 3088 reputatum
705 3031 782 3072 est
818 3018 878 3072 Β.

385 3109 606 3178 (nomen
639 3138 703 3151 -
736 3110 1091 3182 repudiatum)
1124 3112 1212 3166 10.

380 3202 707 3271 repudiatum
735 3202 1026 3256 remanebit
1052 3204 1140 3256 58.

384 3291 653 3362 (reliquis)
689 3295 775 3347 96.

381 3383 602 3454 reliquia
630 3385 875 3437 omnibus
907 3404 962 3438 α.

381 3478 639 3546 inpernvit
675 3475 721 3528 A
753 3479 788 3527 Β
821 3476 861 3528 Ε
899 3476 935 3526 δ
963 3476 1052 3527 11.
1080 3476 1169 3529 65.
1197 3515 1198 3518 ¹

382 3568 657 3638 imperabit
690 3579 743 3620 et
771 3583 963 3621 nomen
990 3577 1190 3619 tantum
1222 3568 1372 3637 regni

446 3660 710 3713 videbitur
741 3659 1069 3729 repudiatum
1104 3658 1185 3711 10.

794 3797 828 3864 §
881 3799 962 3850 ιο.

378 3951 446 3986 ne
483 3930 679 4002 Ephori
712 3937 776 3992 β.

378 4025 747 4078 lacedemonii
784 4024 867 4076 10.

378 4117 757 4170 Lacedemonie
792 4115 881 4166 96.
910 4113 954 4165 Β
984 4112 1050 4165 V.

383 4227 448 4263 ne
485 4209 622 4282 apud
660 4225 755 4261 noa
789 4213 852 4270 β.

1445 663 1545 699 nec
1575 664 1682 700 non
1712 649 1849 719 apud
1878 669 1973 706 nos
1999 653 2065 708 D.

1442 737 1657 807 tegibus
1682 757 1806 793 veto
1837 744 1975 812 apud
2004 745 2069 797 Β.

1442 828 1640 880 tribuni
1676 842 1797 883 aunt
1827 850 1950 884 nam
1982 854 2039 900 y.

1443 919 1663 987 quidem
1696 922 1835 991 ipsut
1869 924 1929 976 B.

1442 1011 1661 1079 quidem
1692 1016 1805 1082 ipse
1833 1024 1892 1066 ut
1918 1017 2060 1087 quod
2089 1020 2130 1072 E
2163 1021 2222 1075 δ.

1447 1102 1641 1173 (quod)
1676 1106 1731 1155 in
1760 1107 1852 1160 58.

1441 1196 1670 1264 positum
1699 1198 1841 1265 quod
1871 1209 1950 1252 est
1977 1199 2136 1255 habet
2161 1205 2249 1256 58.

1444 1297 1661 1357 excepte
1696 1287 1755 1340 Β.

1442 1380 1534 1447 qui
1564 1382 1684 1449 plus
1712 1384 1884 1434 extitit
1919 1383 2002 1435 10.

1443 1472 1647 1523 exsistit
1671 1473 1763 1526 39.
1803 1474 2001 1527 12⁷.V.

1442 1561 1584 1629 quod
1613 1562 1768 1614 fuerit
1796 1566 1842 1616 A
1873 1565 1911 1615 Β
1942 1564 1985 1615 Ι)
2017 1565 2057 1617 Β
2089 1585 2123 1615 α
2157 1574 2201 1631 ῥ’
2225 1587 2260 1633 y
2291 1570 2437 1624 «510.

1514 1655 1599 1705 11.
1629 1654 1719 1708 39.
1746 1655 1834 1707 48.
1857 1656 1945 1707 58.
1959 1657 2148 1711 65.96.
2171 1659 2286 1712 127.
2303 1660 2347 1711 Β
2364 1662 2431 1713 V.

1442 1745 1637 1797 fuerint
1671 1747 1789 1798 120.

1440 1839 1613 1907 primo
1644 1837 1707 1890 D.

1439 1928 1702 1980 consolare
1732 1929 1813 1980 ius
1845 1932 1926 1982 11.
2036 1991 2042 1999 ,

1438 2020 1708 2072 consulere
1740 2019 1802 2070 R.

1439 2111 1708 2163 consulare
1743 2112 2025 2180 imperium
2057 2115 2144 2167 39.

1439 2203 1617 2254 existit
1640 2202 1726 2254 39.
1758 2202 1844 2254 48.
1881 2202 1995 2256 127.

1439 2292 1534 2360 qui
1564 2293 1624 2342 in
1654 2308 1718 2344 eo
1745 2293 1833 2345 47.
1865 2294 1952 2347 65.
1984 2294 2103 2347 120.

1440 2380 1603 2452 (non)
1639 2382 1702 2435 R.

1436 2481 1643 2527 tenetur
1672 2472 1712 2522 Β
1742 2475 1823 2526 11.
1852 2475 1938 2528 65.

1437 2566 1694 2618 auxilium
1724 2567 1914 2636 aliquis
1950 2570 2033 2621 10.

1438 2658 1695 2710 auxilium
1721 2659 1912 2711 relium
1938 2660 2157 2729 reliquis
2189 2668 2247 2717 Β.

1436 2747 1701 2817 reliquum
1723 2750 1941 2819 reliquis
1968 2751 2030 2804 R.

1434 2838 1655 2908 pribatis
1685 2843 1731 2893 A
1762 2838 1954 2908 (corr.)

1435 2928 1655 2996 pribotia
1686 2934 1742 2981 B.

1434 3019 1664 3087 probatis
1693 3020 1756 3073 Β.

1435 3108 1528 3159 sed
1556 3117 1609 3160 et
1633 3112 1848 3178 privatis
1873 3118 1940 3176 β.

1853 3251 1890 3319 §
1930 3252 2016 3307 ιτ.

1433 3386 1782 3455 magistratum
1811 3386 1945 3440 dicis
1978 3389 2176 3442 malum
2208 3395 2292 3447 10.

1430 3487 1678 3546 potestate
1706 3479 1965 3531 consulari
1998 3481 2234 3537 damnate
2265 3505 2320 3553 r.

1429 3579 1677 3636 potestate
1705 3568 1943 3622 damnata
1976 3573 2056 3625 10.
2092 3573 2158 3628 V.

1429 3658 1667 3711 damnata
1700 3678 1756 3713 α.

1429 3748 1703 3821 dampnata
1731 3753 1818 3804 39.

1429 3843 1793 3913 convaluitque
1829 3846 1941 3897 eius
1974 3846 2325 3902 multitudinis
2363 3852 2421 3903 Β.

1429 3933 1509 3985 vis
1543 3934 1896 3988 multitudinis
1929 3936 1975 3989 A
2006 3942 2063 3988 Β.

1430 4024 1500 4075 ita
1540 4024 1731 4094 Quinte
1775 4026 1861 4076 10.
1906 4027 1993 4079 39.
2032 4026 2118 4078 47.
2159 4030 2272 4083 120.
2304 4032 2419 4086 122.

1505 4115 1623 4167 124.
1661 4115 1778 4167 126.
1814 4115 1881 4165 V.

1432 4207 1541 4257 ἰωῇ·
1576 4208 1657 4260 ius
1692 4208 1835 4258 enim
1873 4209 1929 4260 Β.
