3131 5032
1126 371 1266 440 Lis.
1312 370 1407 456 11,
1455 376 1534 457 9,
1585 372 1691 439 21.
2244 373 2373 440 505

439 582 518 644 cf.
565 579 760 641 Divin.
796 579 890 655 11,
942 577 1019 655 4,
1061 575 1130 638 11
1148 622 1168 654 ,
1207 576 1311 638 fin.
1393 576 1723 659 Desmneo
1775 576 1991 636 merito
2037 575 2382 637 dubitatum

436 692 525 747 est
571 682 649 744 ad
693 681 858 762 quod
903 680 1240 743 subiectum
1287 680 1655 759 pertineret:
1715 700 1838 740 non
1878 687 2041 740 certe
2081 680 2158 740 ad
2201 683 2390 759 fetic-

438 788 520 848 les
535 833 555 865 ,
604 785 809 846 minus
855 785 1040 845 etiam
1089 784 1165 844 ad
1215 804 1466 866 augures
1482 807 1505 843 .-
1553 784 1877 844 sacerdotes
1920 783 2088 843 unde
2139 792 2389 844 arcessat

436 887 963 970 Wyttenhachius,
1007 906 1144 946 non
1196 883 1488 964 intelligo.
1588 883 1740 944 Puto
1796 883 2217 962 accipiendum
2268 904 2393 945 esse

439 990 519 1052 de
568 991 676 1067 iis,
727 990 1084 1070 quicunque
1121 996 1344 1065 essent,
1400 980 1511 1067 qui
1555 994 1828 1066 portenta
1865 987 1941 1047 ad
1973 988 2256 1048 Senatum
2291 1008 2395 1049 re-

442 1094 748 1155 tulissent:
790 1102 922 1153 tum
963 1103 1317 1173 procur-aneo
1333 1137 1352 1167 ,
1400 1099 1464 1151 et
1505 1093 1723 1171 picato
1783 1089 2101 1151 reserenda
2147 1111 2269 1151 ease
2317 1092 2397 1153 ad

442 1196 770 1258 sacerdotes
799 1216 1011 1257 eorum
1041 1195 1295 1256 deorum
1310 1241 1329 1271 ,
1369 1196 1587 1275 quibus
1619 1195 1780 1254 divis
1812 1194 2159 1274 haruspices
2179 1196 2395 1257 crevis-

445 1309 591 1364 sent.
673 1301 746 1360 ln
793 1320 866 1361 ea
913 1320 983 1359 re
1024 1301 1237 1382 referre
1281 1305 1342 1357 et
1386 1298 1611 1381 desem
1642 1300 1981 1377 promiscue
2009 1308 2395 1380 usurpantur.

439 1404 571 1464 Nat.
605 1402 673 1465 Ι).
708 1402 807 1478 11,
849 1401 886 1461 4
908 1448 927 1478 ,
971 1400 1076 1477 10,
1125 1401 1424 1462 Gracchus
1467 1434 1550 1446 -
1589 1399 1984 1481 (portentum)
2017 1404 2098 1462 ad
2131 1416 2398 1464 senatum

442 1508 648 1567 rendit
661 1529 690 1580 ;
729 1516 966 1566 cenam
980 1551 998 1581 ,
1039 1525 1184 1585 quos
1217 1506 1297 1565 cd
1326 1505 1563 1581 soleret,
1595 1505 1961 1585 referendum
1996 1509 2242 1567 censuit.

521 1608 882 1686 Etrus-ioque
935 1607 1245 1686 principes
1310 1606 1695 1685 disciplinam
1755 1605 1979 1687 doceto)
2071 1608 2402 1687 Usurpatur

441 1711 545 1772 hic
595 1711 763 1771 locus
819 1709 883 1769 in
947 1709 1116 1787 gravi
1179 1709 1578 1769 controversia
1595 1754 1613 1783 ,
1670 1707 1907 1769 facilius
1954 1710 2297 1772 dirimenda
2352 1713 2402 1772 si

438 1815 590 1876 haec
639 1814 791 1893 legis
834 1811 1018 1872 verba
1066 1810 1344 1891 pluribus
1389 1811 1771 1891 explicuisset
1820 1812 2027 1875 Cicero
2070 1814 2231 1875 infra
2258 1815 2397 1896 Cap.

444 1918 519 1978 14
538 1964 557 1995 ,
597 1917 697 1978 35.
779 1915 896 1991 Qui
932 1912 1272 1975 defendunt
1298 1914 1596 1975 Romanos
1630 1916 1862 1976 nobiles
1893 1916 2299 1979 adolescentes
2334 1919 2402 1979 in

441 2021 822 2102 disciplinam
854 2018 1010 2079 tradi
1037 2016 1238 2078 solitos
1260 2017 1444 2078 fuisse
1470 2017 1754 2096 Etruscis,
1795 2039 2110 2099 perperam
2143 2028 2404 2082 utuntur

441 2124 599 2185 Livii
633 2126 767 2186 loco
800 2123 879 2183 lx
897 2168 916 2198 ,
957 2121 1040 2197 36
1057 2168 1075 2198 ,
1116 2121 1154 2180 3
1172 2167 1191 2197 ,
1235 2120 1342 2181 ubi
1378 2141 1503 2182 non
1532 2121 1612 2182 de
1639 2122 2028 2203 haruspicum
2058 2124 2401 2204 disciplina,

441 2226 548 2288 sed
601 2228 678 2287 de
731 2228 1012 2286 universa
1054 2223 1411 2286 educatione
1446 2224 1831 2288 Etruscorum
1870 2227 2062 2287 literis
2106 2228 2404 2307 explenda

445 2348 643 2389 sermo
676 2336 782 2389 est.
861 2326 1181 2386 Infit-mum
1215 2326 1572 2387 eorumdem
1601 2329 1972 2407 praesidium
1999 2339 2086 2390 est
2115 2332 2180 2390 in
2206 2330 2403 2393 Valer.

447 2430 597 2491 Μαι.
650 2428 680 2488 Ῑ
698 2474 717 2504 ,
780 2429 846 2502 1,
904 2428 1015 2506 qui
1074 2427 1229 2486 nihil
1291 2429 1414 2506 agit
1465 2429 1581 2486 nisi
1628 2407 1909 2490 describit
1959 2451 2188 2510 suoque
2235 2453 2403 2494 more

448 2540 698 2594 exornat
740 2530 922 2590 verba
970 2528 1273 2589 Ciceronis
1313 2547 1349 2587 e
1382 2528 1580 2589 Divin.
1610 2527 1678 2604 1,
1721 2530 1835 2605 41,
1877 2530 1977 2591 92.
2056 2531 2171 2593 Sed
2217 2535 2406 2595 miror

444 2653 733 2715 magnum
783 2631 1186 2694 Niebuhrium
1231 2630 1300 2691 11.
1343 2629 1414 2690 R.
1457 2627 1565 2691 Vol
1623 2628 1673 2689 1.
1709 2650 1769 2710 p.
1824 2630 1957 2693 136.
2002 2652 2088 2712 sq.
2138 2633 2234 2696 ed.
2271 2634 2405 2695 3⁶⁸⁶

448 2748 570 2799 tam
616 2737 872 2798 tidenter
919 2732 1405 2815 pronunciavisse
1423 2778 1442 2808 ,
1494 2732 1800 2812 principes
1837 2735 2112 2795 Etruriae
2156 2735 2335 2798 fuisse
2370 2759 2407 2800 a

449 2841 670 2920 quibus
719 2839 951 2900 nobiles
996 2825 1399 2897 adolescentes
1436 2835 1689 2896 Romani
1735 2836 2181 2916 haruspicinam
2226 2841 2412 2903 doce-

449 2952 682 3004 rentur.
779 2941 895 3002 Sed
943 2941 1211 3020 primum
1245 2940 1594 3020 principum
1619 2939 1794 3018 filios
1838 2940 2092 3002 minime
2124 2943 2413 3025 intelligit

450 3046 857 3108 Romanorum
908 3044 1152 3120 Cicero,
1206 3040 1310 3102 ned
1354 3040 1777 3109 Etruscormnz
1836 3051 1968 3105 tum
2022 3055 2218 3106 metus
2270 3049 2377 3109 ille
2395 3096 2414 3126 ‚

450 3170 530 3210 ne
579 3168 675 3209 ars
724 3148 800 3208 ad
852 3154 1168 3227 quaestum
1238 3143 1679 3222 abduceretur,
1737 3146 1934 3206 inanis
1994 3147 2231 3228 fuisset,
2298 3152 2415 3212 nisi

448 3254 756 3333 propriam
793 3250 966 3311 illam
1005 3257 1195 3310 artem
1233 3248 1510 3309 Etruriae
1547 3249 1932 3328 putavissent.
2014 3252 2224 3331 Addo,
2266 3275 2415 3315 nus-

450 3374 637 3435 quam
674 3350 838 3414 tradi
865 3350 1163 3412 Romanos
1197 3348 1353 3429 ipsos
1386 3369 1519 3409 eam
1560 3357 1750 3410 artem
1783 3351 2170 3432 factitavisse,
2213 3377 2414 3437 neque

455 3453 618 3514 Offic.
656 3455 724 3530 1,
758 3453 868 3528 42,
900 3452 1010 3512 151
1048 3451 1109 3512 ei
1142 3451 1259 3511 arti
1292 3450 1461 3510 locus
1496 3449 1705 3510 datur:
1752 3460 1960 3513 contra
1996 3456 2197 3516 minus
2228 3457 2415 3519 hone·

456 3563 606 3614 stam
647 3575 759 3634 per
799 3575 862 3614 se
901 3555 1172 3614 habitam
1203 3545 1422 3631 fuisse,
1463 3554 1863 3632 intelligimus
1907 3576 1982 3617 ex
2015 3558 2094 3618 ad
2129 3559 2258 3622 niv.
2294 3560 2412 3641 VI,

464 3655 574 3733 18,
621 3657 679 3718 1.
757 3656 908 3716 Hinc
943 3665 1310 3718 memoratur
1347 3658 1414 3717 in
1452 3658 1524 3719 A.
1562 3658 1853 3736 Caecina,
1893 3661 2003 3739 qui
2037 3682 2072 3722 a
2106 3673 2278 3743 patre
2310 3686 2416 3728 no·

456 3757 745 3818 bilissimo
782 3758 910 3817 viro
945 3766 1286 3837 acceperat,
1330 3760 1557 3839 quippe
1588 3758 2008 3823 volaterranus
2023 3810 2041 3840 ,
2078 3766 2120 3826 i.
2155 3788 2211 3826 e.
2242 3743 2415 3829 Etruss

460 3882 627 3940 scus,
666 3870 796 3922 erat
828 3860 1113 3922 Caecina:
1156 3860 1234 3920 ad
1250 3861 1380 3922 Div.
1400 3863 1547 3925 ibid.
1584 3864 1651 3940 6,
1692 3863 1751 3924 3.
1833 3865 1921 3924 Ne
1956 3865 2202 3946 Harusp.
2236 3869 2412 3950 Resp.

463 3966 569 4043 12,
599 3966 709 4045 35,
734 3965 983 4045 quidem
1012 3963 1085 4047 (si
1116 3972 1315 4025 tamen
1345 3974 1432 4025 est
1457 3966 1583 4026 ulla
1608 3967 1738 4027 eius
1764 3968 2048 4028 orationis
2073 3971 2416 4054 auctoritas)
2484 3962 2497 3972 ⁶

457 4069 791 4152 quidquam
810 4068 1098 4147 traditur,
1115 4067 1231 4129 nisi
1247 4068 1593 4149 haruspices
1612 4090 1685 4131 ex
1706 4070 1942 4133 Etruria
1959 4073 2173 4133 arcessi
2196 4074 2415 4139 solitos.
