3131 5032
1079 457 1226 524 Lm.
1272 457 1338 540 1,
1394 461 1509 541 16,
1558 461 1669 525 44.
2222 465 2349 529 403

379 669 578 745 Quare
630 665 697 725 in
747 663 910 725 hanc
948 663 1308 723 sententiam
1346 662 1775 741 corrigendum
1808 684 1932 723 esse
1948 708 1966 739 ‚
2007 684 2188 744 supra
2223 665 2354 725 dixi

379 772 457 833 ad
497 771 638 850 Cap.
679 771 737 830 5.
778 768 888 828 fin.

462 883 804 935 testamenta
844 872 1020 953 salsa
1063 866 1409 950 supponere)
1486 868 1650 929 Bene
1684 870 1933 949 quidem
1971 870 2179 931 docuit
2207 873 2355 933 Goe-

381 978 622 1038 renzius
640 1022 656 1052 ‚
699 977 828 1034 sine
878 974 1112 1033 adiecto
1153 971 1275 1031 dici
1311 982 1652 1032 testamenta
1689 995 2007 1054 supponere
2025 1022 2042 1051 ,
2083 984 2187 1035 aut
2222 978 2356 1036 sub-

383 1083 600 1141 iicere.-
640 1086 704 1138 et
734 1078 818 1138 sic
847 1075 1018 1137 Catil.
1057 1073 1158 1151 ΙΙ,
1199 1074 1275 1148 4,
1317 1073 1375 1133 7.
1418 1072 1623 1133 Livius
1653 1073 1910 1150 XXXIX,
1958 1073 2067 1150 18,
2111 1074 2183 1151 4,
2225 1078 2357 1136 sub-

384 1184 565 1242 iectio
631 1190 1137 1240 testamentorum.-
1195 1176 1430 1236 Tacitus
1481 1174 1642 1236 Ann.
1705 1175 1866 1252 XIV,
1928 1176 2036 1253 40,
2095 1179 2361 1240 subdidit

387 1296 813 1346 testamentum.
895 1281 1107 1360 Neque
1136 1288 1338 1339 tamen
1373 1288 1618 1358 propter
1650 1280 1759 1339 has
1789 1280 2083 1360 ellipticas
2114 1281 2361 1343 locutio·

387 1408 497 1448 nes
548 1383 891 1448 damnanda
924 1383 1106 1463 plena
1137 1382 1327 1443 oratio
1361 1391 1451 1442 est
1468 1429 1486 1458 ‚
1526 1383 1645 1442 nisi
1679 1383 1835 1443 forte
1861 1403 2013 1463 quos
2046 1384 2364 1465 aliquoties

380 1491 633 1571 populos
685 1486 952 1568 appellat
1001 1486 1210 1546 Cicero
1227 1531 1247 1561 ‚
1289 1484 1422 1545 aliis
1454 1485 1604 1546 locis
1641 1487 1852 1547 liberos
1880 1489 2125 1567 populos
2158 1488 2365 1550 dicere

390 1593 450 1652 ei
501 1610 626 1651 non
673 1587 904 1649 licebit.
1004 1586 1190 1646 Aliud
1246 1587 1594 1665 exemplum
1648 1596 1736 1647 est
1787 1589 2022 1650 Caecin.
2077 1589 2193 1666 25,
2244 1592 2363 1669 71,

393 1697 595 1774 itaque
637 1695 708 1752 in
749 1691 955 1752 ceteris
1000 1692 1412 1751 controversiis
1445 1723 1527 1735 —
1556 1702 1614 1749 et
1636 1691 1826 1770 fictus
1858 1694 2023 1752 testis
2053 1694 2368 1754 subornari

393 1799 573 1872 solet,
614 1807 674 1856 et
708 1795 1006 1874 interponi
1023 1794 1230 1873 salsae
1263 1794 1517 1853 tabulae.
1599 1792 1767 1856 Rosc.
1811 1794 2089 1856 Comoed.
2125 1797 2221 1874 17,
2258 1798 2368 1874 51,

379 1901 617 1981 falsum
651 1898 996 1958 subornavit
1032 1907 1230 1955 testem
1260 1896 1517 1955 Roscius
1552 1895 1846 1957 Cluvium.

475 2005 534 2063 ei
577 2001 722 2062 haec
773 2000 1087 2081 suffragiis
1137 2009 1242 2058 aut
1291 1999 1464 2057 scitis
1513 1999 1919 2059 multitudinis
1959 1999 2373 2082 probarentur)

399 2104 476 2165 In
508 2106 624 2166 hac
675 2102 969 2164 sententia
1024 2100 1265 2160 nullum
1302 2108 1496 2178 potest
1533 2121 1659 2161 esse
1692 2101 2015 2163 discrimen
2049 2104 2208 2163 inter
2243 2108 2372 2186 suf-

387 2210 647 2291 fragia,
703 2215 768 2267 et
818 2207 972 2266 scita
1019 2202 1466 2280 multitudinis,
1524 2203 1643 2263 nisi
1694 2206 1863 2284 quod
1898 2205 2049 2265 haec
2080 2207 2203 2266 illis
2233 2227 2376 2268 con-

398 2313 770 2371 stituuntur:
819 2327 1009 2389 quare
1054 2318 1160 2367 aut
1205 2306 1449 2367 fortasse
1498 2309 1872 2386 corrigatur,
1916 2316 1984 2368 ut
2018 2321 2075 2368 et
2106 2310 2374 2389 legatur:

401 2415 561 2475 sicut
592 2433 734 2474 mox
759 2413 1069 2473 commutis}
1101 2421 1274 2489 atque
1310 2412 1513 2471 iussis.
1595 2411 1853 2471 Probari
1884 2410 1924 2470 i.
1954 2431 2007 2471 e.
2041 2414 2374 2491 explorari,
2473 2475 2477 2479 ,

402 2515 484 2578 ad
518 2507 938 2593 suffragiorum
981 2531 1256 2573 normam
1301 2511 1479 2590 exigi.
1512 2544 1595 2556 —
1626 2511 1981 2573 Continetur
2014 2512 2110 2573 his
2140 2514 2377 2577 iteratio

400 2617 769 2685 conditionis
819 2615 980 2691 eius,
1036 2634 1196 2694 quae
1245 2615 1421 2675 initio
1473 2616 1805 2676 sententiae
1855 2617 2044 2695 posita
2092 2628 2254 2679 erat:
2310 2620 2377 2680 id

398 2721 568 2804 quod
618 2720 832 2782 Graeci
881 2718 1368 2798 frequentissime
1419 2726 1745 2797 usurpant,
1793 2739 1905 2798 per
1940 2721 2097 2782 coni.
2140 2724 2271 2782 ἐπεὶ
2308 2724 2377 2784 in

399 2824 673 2887 clausula
705 2823 1054 2883 sententiae.

484 2928 527 3011 §
568 2926 666 2988 44.
746 2927 1054 2987 stultorum
1086 2920 1424 3002 sentemiis)
1501 2922 1575 2981 Et
1625 2922 1741 2983 hoc
1786 2944 1907 2985 non
1948 2925 2215 2988 Stoicum
2251 2939 2417 2990 tan-²

406 3039 577 3108 tum,
629 3030 732 3091 sed
769 3030 1135 3089 Socraticum
1180 3036 1302 3103 est,
1343 3027 1424 3087 de
1457 3026 1859 3087 multitudine
1892 3027 2159 3105 dictum,
2202 3042 2272 3092 ut
2305 3054 2379 3093 ex

408 3135 807 3216 Xenophonte
841 3142 904 3194 et
933 3132 1179 3193 Platone
1210 3131 1575 3210 intelligitur
1584 3155 1602 3209 ς
1643 3139 1705 3191 et
1730 3132 1958 3209 aptiora
1984 3152 2126 3193 sane
2143 3180 2162 3210 ‚
2198 3156 2384 3215 quam

405 3240 539 3300 fieri
584 3239 771 3315 solet,
821 3236 898 3298 ad
944 3237 1111 3296 Tusc.
1157 3234 1237 3309 V,
1280 3234 1395 3311 36,
1443 3233 1590 3310 104,
1631 3242 1736 3294 aut
1782 3234 1859 3293 ad
1893 3235 2091 3296 Divin.
2130 3236 2219 3311 11,
2261 3237 2378 3314 39,

405 3343 539 3404 init.
597 3340 1058 3415 commemorari
1123 3346 1436 3417 poterant,
1494 3337 1594 3396 vel
1659 3357 1733 3396 ex
1798 3336 2145 3417 Protagora:
2218 3342 2380 3402 conf.

407 3442 696 3507 Paradox.
743 3444 873 3520 111,
926 3444 991 3505 2.
1037 3443 1170 3502 init.
1226 3440 1334 3518 IV,
1389 3439 1444 3501 1.
1479 3472 1561 3485 —
1595 3440 1780 3501 Initio
1823 3440 2007 3501 huius
2049 3444 2381 3505 sententiae

405 3570 557 3628 quae
606 3552 663 3608 εἰ
713 3546 1076 3607 servandum
1129 3546 1281 3605 fuit:
1337 3564 1478 3603 nam
1512 3545 1670 3623 quod
1704 3547 1764 3603 si
1795 3542 1977 3625 (sicut
2008 3546 2074 3604 in
2106 3566 2382 3608 meorum

407 3669 652 3730 quoque
705 3649 1015 3709 nonnullis
1048 3648 1160 3732 est)
1208 3668 1436 3710 novum
1466 3647 1685 3726 incipit
1718 3656 2177 3727 argumentum,
2220 3673 2379 3730 non,

409 3761 482 3812 ut
531 3750 598 3814 h.
633 3752 676 3810 l.
724 3754 1058 3830 requiritur
1076 3797 1095 3828 ‚
1152 3753 1535 3832 persequitur
1588 3771 1725 3812 eam
1766 3754 2381 3833 argumentationem,

409 3876 568 3937 quae
600 3855 871 3914 instituta
914 3864 1061 3916 erat.

494 3971 635 4035 aut,
679 3979 861 4038 quum
906 3961 1006 4019 ius
1048 3979 1120 4018 es·
1158 3960 1393 4018 iniuria
1429 3959 1522 4018 les·
1540 3961 1752 4040 facere
1776 3960 1972 4038 possit
2006 3956 2111 4036 —)
2188 3958 2384 4038 Vulgo

411 4063 651 4138 editur,
699 4073 805 4122 aut
851 4084 959 4122 cur
1007 4084 1188 4142 quum
1236 4065 1336 4122 ius
1377 4096 1476 4125 —.
1519 4064 1636 4123 Nos
1671 4064 1861 4123 secuti
1893 4082 2098 4122 sumus
2129 4063 2383 4141 optimos

408 4168 616 4245 libros;
663 4167 775 4247 qui
812 4167 879 4227 in
911 4166 1031 4228 hoc
1072 4166 1362 4227 laudandi
1395 4174 1573 4241 sunt,
1614 4166 1779 4245 quod
1815 4167 2167 4226 alterutram
2199 4168 2381 4245 parti-

1995 4267 2115 4327 26*
