3131 5032
1231 481 1384 576 Lm.
1421 483 1483 567 1,
1532 488 1610 566 9,
1661 485 1766 550 2⁷.
2322 490 2452 557 353

486 694 764 774 imaginis
815 692 1121 753 contineat
1137 735 1157 766 ,
1211 708 1529 768 perperam
1587 689 1945 749 Goerenzius
1990 689 2217 751 inferre
2258 694 2451 754 voluit

486 799 552 858 in
601 799 871 858 alienum
922 795 1163 868 locum,
1205 792 1334 852 Fin.
1372 791 1444 867 V,
1478 790 1593 866 21,
1636 792 1735 852 59.
1776 813 1869 871 pr.
1950 792 2023 852 Et
2073 795 2451 876 quandoqui-

482 901 626 962 dem
677 899 745 959 in
800 896 1124 980 effingendo
1162 916 1284 956 non
1320 902 1554 954 tantum
1591 896 1908 955 consilium
1925 942 1943 971 ,
1984 895 2087 955 sed
2121 898 2446 962 artificium

480 1003 666 1062 etiam
700 999 950 1078 cogitari
980 997 1190 1072 debet,
1237 996 1444 1055 malim
1480 996 1545 1054 in
1581 995 1779 1057 Divin.
1814 997 1882 1074 1,
1929 996 2033 1071 13,
2074 998 2189 1073 23,
2231 1020 2442 1062 secun.

481 1105 633 1164 dnm
666 1100 987 1162 nonnullos
1017 1099 1201 1160 Codd.
1222 1145 1240 1174 ,
1276 1097 1502 1175 efficere
1557 1099 1791 1176 legere:
1850 1099 2087 1179 aliaque
2139 1101 2218 1161 de
2263 1123 2440 1166 causa

477 1206 798 1286 praestabit
824 1204 1066 1264 sortasse
1099 1201 1321 1281 efficere
1354 1202 1420 1261 in
1455 1201 1587 1277 his,
1627 1202 1760 1262 Nat.
1795 1202 1863 1262 D.
1897 1203 2018 1278 111,
2060 1204 2131 1279 9,
2172 1204 2286 1280 23,
2328 1229 2435 1268 nec

475 1311 657 1370 ullam
694 1312 817 1368 vim
850 1330 970 1368 esse
1003 1318 1248 1366 naturae
1267 1352 1285 1381 ,
1327 1317 1394 1365 ut
1424 1307 1523 1364 sui
1559 1306 1884 1364 dissimilia
1914 1308 2104 1386 possit
2134 1306 2434 1390 effingere,

475 1432 842 1492 quamquam
877 1431 948 1471 ea
977 1418 1246 1470 constans
1278 1428 1401 1468 esse
1431 1407 1675 1468 videtur
1702 1408 1997 1468 librorum
2026 1411 2337 1488 scriptura.
2354 1445 2437 1458 —

477 1516 831 1576 Recondieos
867 1513 1035 1595 quod
1086 1511 1447 1572 Goerenzius
1495 1512 1699 1571 abesse
1743 1512 2012 1588 mavult,
2077 1534 2201 1573 non
2254 1516 2441 1575 intel·-

475 1619 627 1678 lexit
660 1618 729 1677 in
761 1638 834 1678 eo
864 1616 991 1696 ipso
1026 1615 1449 1695 praestantiam
1498 1615 1664 1673 illius
1694 1615 1984 1674 naturalis
2016 1617 2256 1677 artificii
2291 1638 2438 1679 cen—-

478 1719 594 1779 seri
613 1766 631 1795 ‚
671 1717 835 1797 quod
873 1716 1181 1795 effingeret
1218 1715 1285 1775 id
1325 1715 1490 1795 quod
1528 1716 1910 1776 reconditum
1949 1727 2117 1778 esset.

553 1821 598 1904 §
635 1822 735 1882 27.
805 1842 943 1881 nam
973 1832 1028 1879 et
1063 1819 1223 1880 oculi
1254 1821 1437 1878 nimis
1467 1820 1697 1900 arguti,
1734 1821 2212 1898 quemadmodum
2238 1826 2437 1884 animo

474 1929 676 2006 affecti
701 1927 887 1985 simus
919 1919 1259 2004 loquuntur)
1339 1921 1504 1981 Istud
1537 1925 1723 1982 nimis
1750 1922 1923 1983 nulla
1947 1923 2439 2002 interpretatione

473 2029 718 2090 defendi
769 2049 934 2108 posse
979 2036 1146 2107 puto.
1227 2026 1484 2086 Mosei-us
1501 2072 1520 2102 ‚
1562 2046 1756 2104 quum
1790 2033 1956 2086 recte
1989 2027 2255 2087 Schutzii
2288 2051 2441 2091 con-

473 2135 765 2194 iecturam
813 2131 1068 2214 (indices
1113 2127 1339 2212 arguti)
1388 2128 1787 2208 repudiasset,
1829 2137 1948 2190 tres
1984 2130 2269 2212 deinceps
2294 2134 2441 2195 alias

476 2236 554 2296 de
601 2257 710 2295 suo
755 2241 1217 2307 commemorat,
1269 2252 1527 2311 quarum
1564 2232 1828 2311 singulas
1873 2232 2139 2296 refutare
2186 2237 2437 2316 longum

477 2347 580 2399 est.
662 2338 808 2397 mihi
841 2337 1087 2396 videtur
1120 2337 1304 2394 nimis
1340 2334 1629 2395 facillima
1664 2337 2048 2413 corruptione
2078 2347 2279 2398 ortum
2314 2361 2438 2400 esse

475 2463 551 2501 ex
581 2443 650 2499 in
685 2441 952 2498 minimis
962 2463 991 2512 ;
1031 2438 1544 2519 quemadmodum
1580 2439 1712 2498 Nat.
1747 2439 1814 2500 D.
1854 2439 1957 2515 11,
1998 2442 2108 2516 56,
2150 2441 2254 2502 141
2298 2465 2438 2505 con·

472 2545 603 2605 fusa
630 2553 768 2605 sunt
802 2545 1077 2603 minimos
1108 2551 1171 2603 et
1204 2545 1442 2603 nimios.
1525 2541 1831 2621 Conspirat
1858 2545 2055 2622 ipsum
2092 2546 2277 2607 huius
2311 2570 2438 2609 sen·

469 2649 693 2708 tentiae
744 2646 1092 2708 consilium:
1154 2666 1297 2705 nam
1347 2647 1502 2705 sicut
1554 2667 1617 2705 os
1670 2647 1951 2707 universe
1995 2670 2178 2709 mores
2214 2650 2436 2729 refert,

470 2753 554 2811 ita
607 2751 767 2812 oculi
817 2770 885 2810 ea
923 2770 1058 2829 pars
1101 2749 1363 2827 corporis
1397 2756 1571 2823 sunt,
1615 2770 1794 2828 quae,
1844 2762 1984 2829 quot
2018 2755 2213 2812 animi
2245 2767 2437 2816 motus

467 2867 605 2914 sune
623 2900 641 2929 ‚
700 2832 783 2913 tot
823 2853 1299 2933 sigmflcationes
1349 2862 1405 2910 et
1440 2855 1921 2913 commutationes
1942 2859 2140 2934 possit
2174 2842 2396 2933 efficere
2413 2906 2431 2933 ,

469 2957 630 3016 Orat.
663 2956 790 3029 111,
834 2955 950 3029 59,
990 2954 1138 3015 221:
1184 2953 1267 3015 cs.
1306 2953 1464 3014 Orat.
1511 2953 1626 3029 18,
1668 2954 1766 3014 60.
1832 2956 2048 3034 ltaque
2081 2969 2247 3019 recte
2281 2961 2437 3020 mihi

468 3059 592 3119 dici
625 3059 908 3118 videntur
941 3058 1100 3118 oculi
1132 3059 1202 3115 in
1237 3058 1507 3116 minimis
1534 3060 1766 3138 arguti,
1806 3059 1973 3138 quod
2020 3080 2125 3121 eae
2170 3082 2437 3126 commu·

468 3164 717 3223 tationes
768 3169 830 3222 et
876 3160 1232 3221 celerrimae
1284 3168 1344 3219 et
1389 3158 1698 3236 adamae,
1749 3162 1791 3221 i.
1845 3183 1899 3223 e.
1948 3168 2301 3245 ceteroquin
2338 3170 2440 3229 vix

463 3263 1031 3326 animadvertendae
1080 3283 1203 3322 esse
1249 3261 1461 3324 solent.
1515 3295 1598 3308 -—
1640 3262 1726 3325 De
1775 3263 2069 3326 Indorum
2128 3269 2435 3347 instituto,

462 3371 569 3448 qui
619 3388 816 3429 mores
865 3365 1219 3427 iudicabant
1281 3365 1598 3427 oculorum
1660 3366 1890 3428 indicio
1908 3415 1926 3445 ,
1984 3370 2196 3448 pulcre
2251 3375 2433 3434 tradit

462 3472 822 3531 Nicostratus
873 3466 1110 3527 Stobaei
1163 3466 1338 3543 Lxx,
1393 3466 1474 3528 12
1523 3467 1609 3549 (T.
1662 3468 1774 3530 111.
1826 3491 1884 3548 p.
1940 3471 2038 3533 41.
2097 3473 2304 3556 Gaisf.)
2351 3511 2432 3523 —-

461 3572 902 3651 Recipiendum
953 3570 1073 3631 suit
1122 3572 1324 3651 affecti
1370 3572 1594 3645 simus,
1647 3591 2019 3653 quamquam
2071 3575 2254 3639 Codd.
2301 3579 2430 3642 sere

465 3697 663 3735 sumus
716 3674 1036 3735 exhibent:
1101 3672 1435 3753 eademque
1488 3675 1742 3734 varietas
1778 3674 1963 3736 Codd.
1995 3687 2083 3738 est
2116 3682 2179 3741 in
2217 3684 2428 3744 eadem

464 3778 769 3837 locutione
794 3777 998 3837 Partit.
1033 3776 1194 3837 Orat.
1216 3777 1322 3851 10,
1342 3778 1456 3852 35,
1485 3786 1619 3836 tum
1649 3780 1714 3837 in
1745 3780 1957 3840 iisdem
1990 3783 2170 3861 plane
2202 3789 2428 3863 verbis,

465 3880 594 3939 Pin.
623 3878 706 3953 V,
757 3879 868 3953 10,
907 3879 1007 3939 30.
1089 3879 1161 3938 Et
1211 3898 1352 3937 sane
1388 3880 1575 3938 miror
1608 3879 1915 3940 Bremium
1963 3883 2160 3962 ipsum
2189 3885 2428 3965 (Philol.

463 3982 662 4062 Beytr.
717 3980 768 4040 I.
815 4000 877 4059 p.
915 3978 1057 4061 185)
1093 3979 1420 4041 defendere
1454 3981 1621 4041 hune
1663 3981 2089 4046 Indicativum.
2132 3987 2427 4049 Concede-

463 4105 596 4146 rem
643 4091 777 4165 post
815 4083 1137 4143 relativum
1173 4103 1543 4161 pronomen;
1604 4084 1682 4144 de
1734 4107 1858 4164 quo
1902 4088 2212 4165 praeclare
2257 4090 2434 4152 docet

461 4186 794 4268 Iuffvi'gius
815 4186 893 4257 ad
921 4187 1049 4247 rin.
1070 4185 1138 4261 V,
1168 4185 1278 4261 26,
1302 4186 1414 4259 76,
1435 4205 1494 4263 p.
1515 4186 1655 4248 752.
1683 4188 1786 4247 sed
1817 4188 1982 4248 idem
2011 4192 2107 4251 vir
2136 4203 2432 4272 praestan·

2092 4294 2169 4355 23
