<?xml version="1.0" encoding="UTF-8"?>
<!DOCTYPE html PUBLIC "-//W3C//DTD XHTML 1.0 Transitional//EN"
    "http://www.w3.org/TR/xhtml1/DTD/xhtml1-transitional.dtd">
<html xmlns="http://www.w3.org/1999/xhtml" xml:lang="en" lang="en">
 <head>
  <title>
</title>
<meta http-equiv="Content-Type" content="text/html;charset=utf-8" />
  <meta name='ocr-system' content='tesseract 3.04.00' />
  <meta name='ocr-capabilities' content='ocr_page ocr_carea ocr_par ocr_line ocrx_word'/>
</head>
<body>
  <div class='ocr_page' id='page_1' title='image "./mtulliiciceroni02bakegoog_0645.png"; bbox 0 0 3131 5032; ppageno 0'>
   <div class='ocr_carea' id='block_1_1' title="bbox 830 467 2122 552">
    <p class='ocr_par' dir='ltr' id='par_1_1' title="bbox 830 467 2122 552">
     <span class='ocr_line' id='line_1_1' title="bbox 830 467 2122 552; baseline -0.009 -9"><span class='ocrx_word' id='word_1_1' title='bbox 830 475 961 543; x_wconf 75' lang='lat'><strong>576</strong></span> <span class='ocrx_word' id='word_1_2' title='bbox 1508 469 1650 534; x_wconf 77' lang='lat' dir='ltr'><strong>Lm.</strong></span> <span class='ocrx_word' id='word_1_3' title='bbox 1697 467 1794 552; x_wconf 82' lang='lat'><strong>11,</strong></span> <span class='ocrx_word' id='word_1_4' title='bbox 1843 469 1967 551; x_wconf 85' lang='lat'><strong>26,</strong></span> <span class='ocrx_word' id='word_1_5' title='bbox 2016 471 2122 534; x_wconf 81' lang='grc'><strong>66.</strong></span> 
     </span>
    </p>
   </div>
   <div class='ocr_carea' id='block_1_2' title="bbox 804 670 2837 4244">
    <p class='ocr_par' dir='ltr' id='par_1_2' title="bbox 821 670 2788 1043">
     <span class='ocr_line' id='line_1_2' title="bbox 904 670 2785 760; baseline -0.004 -19"><span class='ocrx_word' id='word_1_6' title='bbox 904 679 949 760; x_wconf 65' lang='grc'>5</span> <span class='ocrx_word' id='word_1_7' title='bbox 988 676 1090 741; x_wconf 84' lang='grc'><strong>66.</strong></span> <span class='ocrx_word' id='word_1_8' title='bbox 1169 680 1239 736; x_wconf 77' lang='lat' dir='ltr'><strong>in</strong></span> <span class='ocrx_word' id='word_1_9' title='bbox 1274 678 1479 756; x_wconf 75' lang='lat' dir='ltr'><strong>sunus</strong></span> <span class='ocrx_word' id='word_1_10' title='bbox 1530 673 1810 753; x_wconf 71' lang='lat' dir='ltr'><strong>aliorum)</strong></span> <span class='ocrx_word' id='word_1_11' title='bbox 1897 673 2079 734; x_wconf 87' lang='lat' dir='ltr'><strong>Orell.</strong></span> <span class='ocrx_word' id='word_1_12' title='bbox 2135 670 2428 732; x_wconf 77' lang='lat' dir='ltr'><strong>»sortasse</strong></span> <span class='ocrx_word' id='word_1_13' title='bbox 2469 671 2785 734; x_wconf 53' lang='lat' dir='ltr'><strong>alienum?</strong></span> 
     </span>
     <span class='ocr_line' id='line_1_3' title="bbox 824 773 2788 855; baseline -0.002 -17"><span class='ocrx_word' id='word_1_14' title='bbox 824 777 1027 839; x_wconf 86' lang='lat' dir='ltr'><strong>Potius</strong></span> <span class='ocrx_word' id='word_1_15' title='bbox 1095 778 1194 838; x_wconf 77' lang='lat' dir='ltr'><strong>vel</strong></span> <span class='ocrx_word' id='word_1_16' title='bbox 1256 775 1760 855; x_wconf 79' lang='lat' dir='ltr'><strong>intelligendum,</strong></span> <span class='ocrx_word' id='word_1_17' title='bbox 1818 775 1916 835; x_wconf 84' lang='lat' dir='ltr'><strong>vel</strong></span> <span class='ocrx_word' id='word_1_18' title='bbox 1980 773 2312 853; x_wconf 79' lang='lat' dir='ltr'><strong>legendnm</strong></span> <span class='ocrx_word' id='word_1_19' title='bbox 2377 781 2466 833; x_wconf 85' lang='lat' dir='ltr'><strong>est</strong></span> <span class='ocrx_word' id='word_1_20' title='bbox 2483 821 2501 850; x_wconf 95' lang='lat'><strong>,</strong></span> <span class='ocrx_word' id='word_1_21' title='bbox 2559 776 2788 835; x_wconf 75' lang='lat' dir='ltr'><strong>alieno·-</strong></span> 
     </span>
     <span class='ocr_line' id='line_1_4' title="bbox 822 876 2783 957; baseline -0.001 -17"><span class='ocrx_word' id='word_1_22' title='bbox 822 901 985 957; x_wconf 76' lang='lat' dir='ltr'><strong>rum,</strong></span> <span class='ocrx_word' id='word_1_23' title='bbox 1044 885 1156 939; x_wconf 77' lang='grc' dir='ltr'><strong>τῶν</strong></span> <span class='ocrx_word' id='word_1_24' title='bbox 1202 883 1281 956; x_wconf 75' lang='grc' dir='ltr'><em>μή</em></span> <span class='ocrx_word' id='word_1_25' title='bbox 1327 883 1768 957; x_wconf 76' lang='grc' dir='ltr'><strong>προσηκόντων,</strong></span> <span class='ocrx_word' id='word_1_26' title='bbox 1818 885 1889 936; x_wconf 76' lang='lat' dir='ltr'><strong>ut</strong></span> <span class='ocrx_word' id='word_1_27' title='bbox 1936 884 2022 936; x_wconf 79' lang='lat' dir='ltr'><strong>est</strong></span> <span class='ocrx_word' id='word_1_28' title='bbox 2080 877 2147 936; x_wconf 84' lang='lat' dir='ltr'><strong>in</strong></span> <span class='ocrx_word' id='word_1_29' title='bbox 2190 876 2327 954; x_wconf 72' lang='lat' dir='ltr'><strong>lege</strong></span> <span class='ocrx_word' id='word_1_30' title='bbox 2367 876 2534 955; x_wconf 77' lang='lat' dir='ltr'><strong>apud</strong></span> <span class='ocrx_word' id='word_1_31' title='bbox 2571 876 2783 938; x_wconf 79' lang='lat' dir='ltr'><strong>Demo-</strong></span> 
     </span>
     <span class='ocr_line' id='line_1_5' title="bbox 821 983 1282 1043; baseline 0 -1"><span class='ocrx_word' id='word_1_32' title='bbox 821 983 1097 1043; x_wconf 88' lang='lat' dir='ltr'><strong>sthenem</strong></span> <span class='ocrx_word' id='word_1_33' title='bbox 1141 983 1183 1042; x_wconf 92' lang='lat' dir='ltr'><strong>l.</strong></span> <span class='ocrx_word' id='word_1_34' title='bbox 1226 1002 1282 1042; x_wconf 91' lang='lat' dir='ltr'><strong>c.</strong></span> 
     </span>
    </p>

    <p class='ocr_par' dir='ltr' id='par_1_3' title="bbox 806 1081 2837 3417">
     <span class='ocr_line' id='line_1_6' title="bbox 905 1081 2837 1165; baseline -0.001 -20"><span class='ocrx_word' id='word_1_35' title='bbox 905 1107 1055 1165; x_wconf 74' lang='lat' dir='ltr'><strong>quae</strong></span> <span class='ocrx_word' id='word_1_36' title='bbox 1081 1106 1242 1145; x_wconf 77' lang='lat' dir='ltr'><strong>nunc</strong></span> <span class='ocrx_word' id='word_1_37' title='bbox 1267 1087 1408 1165; x_wconf 84' lang='lat' dir='ltr'><strong>sere</strong></span> <span class='ocrx_word' id='word_1_38' title='bbox 1435 1085 1655 1144; x_wconf 83' lang='lat' dir='ltr'><strong>Romae</strong></span> <span class='ocrx_word' id='word_1_39' title='bbox 1689 1081 1800 1162; x_wconf 76' lang='lat' dir='ltr'><strong>ese)</strong></span> <span class='ocrx_word' id='word_1_40' title='bbox 1875 1081 2172 1142; x_wconf 80' lang='lat' dir='ltr'><strong>Additum</strong></span> <span class='ocrx_word' id='word_1_41' title='bbox 2206 1100 2283 1141; x_wconf 84' lang='lat' dir='ltr'><strong>ex</strong></span> <span class='ocrx_word' id='word_1_42' title='bbox 2317 1081 2620 1142; x_wconf 76' lang='lat' dir='ltr'><strong>Ciceronis</strong></span> <span class='ocrx_word' id='word_1_43' title='bbox 2644 1103 2782 1162; x_wconf 86' lang='lat' dir='ltr'><strong>per-</strong></span> <span class='ocrx_word' id='word_1_44' title='bbox 2824 1112 2837 1129; x_wconf 92' lang='lat'><strong>·</strong></span> 
     </span>
     <span class='ocr_line' id='line_1_7' title="bbox 820 1185 2783 1261; baseline -0.001 -13"><span class='ocrx_word' id='word_1_45' title='bbox 820 1209 990 1248; x_wconf 89' lang='lat' dir='ltr'><strong>sona:</strong></span> <span class='ocrx_word' id='word_1_46' title='bbox 1050 1189 1289 1248; x_wconf 83' lang='lat' dir='ltr'><strong>volebat</strong></span> <span class='ocrx_word' id='word_1_47' title='bbox 1338 1195 1541 1246; x_wconf 88' lang='lat' dir='ltr'><strong>autem</strong></span> <span class='ocrx_word' id='word_1_48' title='bbox 1594 1185 1809 1261; x_wconf 84' lang='lat' dir='ltr'><strong>mode,</strong></span> <span class='ocrx_word' id='word_1_49' title='bbox 1868 1196 1935 1245; x_wconf 75' lang='lat' dir='ltr'><strong>ue</strong></span> <span class='ocrx_word' id='word_1_50' title='bbox 1983 1187 2075 1245; x_wconf 74' lang='lat' dir='ltr'><strong>aie</strong></span> <span class='ocrx_word' id='word_1_51' title='bbox 2101 1215 2181 1229; x_wconf 93' lang='lat'><strong>--</strong></span> <span class='ocrx_word' id='word_1_52' title='bbox 2216 1186 2544 1245; x_wconf 68' lang='lat' dir='ltr'><strong>increbruit</strong></span> <span class='ocrx_word' id='word_1_53' title='bbox 2573 1217 2674 1246; x_wconf 89' lang='lat'><strong>—.</strong></span> <span class='ocrx_word' id='word_1_54' title='bbox 2706 1218 2783 1234; x_wconf 89' lang='grc'><strong>--</strong></span> 
     </span>
     <span class='ocr_line' id='line_1_8' title="bbox 821 1284 2779 1367; baseline -0.001 -18"><span class='ocrx_word' id='word_1_55' title='bbox 821 1291 990 1350; x_wconf 76' lang='lat' dir='ltr'><strong>Civis</strong></span> <span class='ocrx_word' id='word_1_56' title='bbox 1041 1310 1072 1347; x_wconf 89' lang='lat' dir='ltr'><strong>e</strong></span> <span class='ocrx_word' id='word_1_57' title='bbox 1113 1308 1175 1346; x_wconf 97' lang='grc' dir='ltr'><strong>νο</strong></span> <span class='ocrx_word' id='word_1_58' title='bbox 1217 1286 1465 1367; x_wconf 74' lang='lat' dir='ltr'><strong>publica</strong></span> <span class='ocrx_word' id='word_1_59' title='bbox 1510 1288 1766 1345; x_wconf 66' lang='lat' dir='ltr'><strong>maxime</strong></span> <span class='ocrx_word' id='word_1_60' title='bbox 1804 1285 2120 1346; x_wconf 84' lang='lat' dir='ltr'><strong>offensioni</strong></span> <span class='ocrx_word' id='word_1_61' title='bbox 2160 1284 2280 1344; x_wconf 80' lang='lat' dir='ltr'><strong>fuit</strong></span> <span class='ocrx_word' id='word_1_62' title='bbox 2314 1285 2539 1347; x_wconf 65' lang='lat' dir='ltr'><strong>Monere</strong></span> <span class='ocrx_word' id='word_1_63' title='bbox 2556 1333 2573 1362; x_wconf 97' lang='lat'><strong>,</strong></span> <span class='ocrx_word' id='word_1_64' title='bbox 2614 1287 2779 1347; x_wconf 88' lang='lat' dir='ltr'><strong>dubi·</strong></span> 
     </span>
     <span class='ocr_line' id='line_1_9' title="bbox 819 1389 2780 1468; baseline 0 -18"><span class='ocrx_word' id='word_1_65' title='bbox 819 1391 969 1451; x_wconf 86' lang='lat' dir='ltr'><strong>tanti</strong></span> <span class='ocrx_word' id='word_1_66' title='bbox 996 1411 1072 1450; x_wconf 89' lang='lat' dir='ltr'><strong>an</strong></span> <span class='ocrx_word' id='word_1_67' title='bbox 1098 1398 1264 1450; x_wconf 87' lang='lat' dir='ltr'><strong>recte</strong></span> <span class='ocrx_word' id='word_1_68' title='bbox 1293 1389 1602 1449; x_wconf 86' lang='lat' dir='ltr'><strong>diceretur</strong></span> <span class='ocrx_word' id='word_1_69' title='bbox 1626 1390 1850 1467; x_wconf 73' lang='lat' dir='ltr'><strong>aliquis</strong></span> <span class='ocrx_word' id='word_1_70' title='bbox 1874 1409 1994 1448; x_wconf 81' lang='lat' dir='ltr'><strong>esse</strong></span> <span class='ocrx_word' id='word_1_71' title='bbox 2027 1410 2058 1447; x_wconf 89' lang='lat' dir='ltr'><strong>e</strong></span> <span class='ocrx_word' id='word_1_72' title='bbox 2084 1389 2386 1468; x_wconf 76' lang='lat' dir='ltr'><strong><em>republica</em></strong></span> <span class='ocrx_word' id='word_1_73' title='bbox 2404 1415 2425 1448; x_wconf 88' lang='lat'><em>:</em></span> <span class='ocrx_word' id='word_1_74' title='bbox 2464 1389 2780 1450; x_wconf 75' lang='lat' dir='ltr'><strong>Creuzerus</strong></span> 
     </span>
     <span class='ocr_line' id='line_1_10' title="bbox 815 1489 2781 1553; baseline -0.001 -1"><span class='ocrx_word' id='word_1_75' title='bbox 815 1493 885 1553; x_wconf 91' lang='lat' dir='ltr'><strong>in</strong></span> <span class='ocrx_word' id='word_1_76' title='bbox 926 1493 1350 1553; x_wconf 77' lang='lat' dir='ltr'><strong>additamentis</strong></span> <span class='ocrx_word' id='word_1_77' title='bbox 1394 1492 1471 1551; x_wconf 87' lang='lat' dir='ltr'><strong>ad</strong></span> <span class='ocrx_word' id='word_1_78' title='bbox 1514 1491 1777 1550; x_wconf 76' lang='lat' dir='ltr'><strong>Tui-nebi</strong></span> <span class='ocrx_word' id='word_1_79' title='bbox 1810 1490 2143 1550; x_wconf 89' lang='lat' dir='ltr'><strong>Comment.</strong></span> <span class='ocrx_word' id='word_1_80' title='bbox 2181 1489 2258 1549; x_wconf 89' lang='lat' dir='ltr'><strong>ad</strong></span> <span class='ocrx_word' id='word_1_81' title='bbox 2295 1492 2358 1551; x_wconf 86' lang='lat' dir='ltr'><strong>h.</strong></span> <span class='ocrx_word' id='word_1_82' title='bbox 2393 1494 2435 1552; x_wconf 90' lang='lat' dir='ltr'><strong>l.</strong></span> <span class='ocrx_word' id='word_1_83' title='bbox 2474 1492 2781 1552; x_wconf 81' lang='lat' dir='ltr'><strong>confirmat</strong></span> 
     </span>
     <span class='ocr_line' id='line_1_11' title="bbox 815 1592 2781 1673; baseline -0.001 -16"><span class='ocrx_word' id='word_1_84' title='bbox 815 1603 940 1657; x_wconf 78' lang='lat' dir='ltr'><strong>tam</strong></span> <span class='ocrx_word' id='word_1_85' title='bbox 986 1596 1104 1656; x_wconf 89' lang='lat' dir='ltr'><strong>hoc</strong></span> <span class='ocrx_word' id='word_1_86' title='bbox 1149 1595 1302 1669; x_wconf 91' lang='lat' dir='ltr'><strong>dici,</strong></span> <span class='ocrx_word' id='word_1_87' title='bbox 1341 1613 1526 1673; x_wconf 84' lang='lat' dir='ltr'><strong>quam</strong></span> <span class='ocrx_word' id='word_1_88' title='bbox 1575 1593 1811 1673; x_wconf 74' lang='lat' dir='ltr'><strong>aliquid</strong></span> <span class='ocrx_word' id='word_1_89' title='bbox 1840 1613 1962 1651; x_wconf 82' lang='lat' dir='ltr'><strong>esse</strong></span> <span class='ocrx_word' id='word_1_90' title='bbox 1998 1614 2030 1651; x_wconf 93' lang='lat' dir='ltr'><strong>e</strong></span> <span class='ocrx_word' id='word_1_91' title='bbox 2063 1613 2125 1651; x_wconf 83' lang='lat' dir='ltr'><strong>re</strong></span> <span class='ocrx_word' id='word_1_92' title='bbox 2147 1592 2430 1672; x_wconf 71' lang='lat' dir='ltr'><strong>publica.-</strong></span> <span class='ocrx_word' id='word_1_93' title='bbox 2473 1594 2589 1653; x_wconf 88' lang='lat' dir='ltr'><strong>nisi</strong></span> <span class='ocrx_word' id='word_1_94' title='bbox 2624 1593 2781 1673; x_wconf 84' lang='lat' dir='ltr'><strong>quod</strong></span> 
     </span>
     <span class='ocr_line' id='line_1_12' title="bbox 813 1695 2780 1776; baseline -0.001 -17"><span class='ocrx_word' id='word_1_95' title='bbox 813 1699 1161 1759; x_wconf 85' lang='lat' dir='ltr'><strong>Turnebum</strong></span> <span class='ocrx_word' id='word_1_96' title='bbox 1215 1698 1520 1776; x_wconf 81' lang='lat' dir='ltr'><strong>corrigens</strong></span> <span class='ocrx_word' id='word_1_97' title='bbox 1569 1715 1691 1756; x_wconf 89' lang='lat' dir='ltr'><strong>non</strong></span> <span class='ocrx_word' id='word_1_98' title='bbox 1741 1703 1943 1754; x_wconf 88' lang='lat' dir='ltr'><strong>tamen</strong></span> <span class='ocrx_word' id='word_1_99' title='bbox 1980 1695 2109 1773; x_wconf 87' lang='lat' dir='ltr'><strong>ipse</strong></span> <span class='ocrx_word' id='word_1_100' title='bbox 2147 1696 2592 1756; x_wconf 73' lang='lat' dir='ltr'><strong>accuratissime</strong></span> <span class='ocrx_word' id='word_1_101' title='bbox 2627 1697 2780 1757; x_wconf 90' lang='lat' dir='ltr'><strong>locu·</strong></span> 
     </span>
     <span class='ocr_line' id='line_1_13' title="bbox 816 1796 2780 1880; baseline -0.002 -19"><span class='ocrx_word' id='word_1_102' title='bbox 816 1804 1042 1862; x_wconf 90' lang='lat' dir='ltr'><strong>tionem</strong></span> <span class='ocrx_word' id='word_1_103' title='bbox 1079 1800 1359 1880; x_wconf 84' lang='lat' dir='ltr'><strong>explicat.</strong></span> <span class='ocrx_word' id='word_1_104' title='bbox 1439 1799 1590 1858; x_wconf 85' lang='lat' dir='ltr'><strong>Nam</strong></span> <span class='ocrx_word' id='word_1_105' title='bbox 1629 1800 1785 1858; x_wconf 74' lang='lat' dir='ltr'><strong>civis</strong></span> <span class='ocrx_word' id='word_1_106' title='bbox 1818 1819 1850 1856; x_wconf 93' lang='lat' dir='ltr'><strong>e</strong></span> <span class='ocrx_word' id='word_1_107' title='bbox 1880 1817 1942 1855; x_wconf 86' lang='lat' dir='ltr'><strong>re</strong></span> <span class='ocrx_word' id='word_1_108' title='bbox 1965 1798 2216 1877; x_wconf 76' lang='lat' dir='ltr'><strong>publiea</strong></span> <span class='ocrx_word' id='word_1_109' title='bbox 2247 1796 2588 1879; x_wconf 75' lang='lat' dir='ltr'><strong>(perperam</strong></span> <span class='ocrx_word' id='word_1_110' title='bbox 2615 1798 2780 1878; x_wconf 71' lang='lat' dir='ltr'><strong>fingit</strong></span> 
     </span>
     <span class='ocr_line' id='line_1_14' title="bbox 814 1900 2780 1981; baseline -0.003 -16"><span class='ocrx_word' id='word_1_111' title='bbox 814 1905 1074 1965; x_wconf 77' lang='lat' dir='ltr'><strong>Moserus</strong></span> <span class='ocrx_word' id='word_1_112' title='bbox 1106 1926 1227 1964; x_wconf 83' lang='lat' dir='ltr'><strong>esse</strong></span> <span class='ocrx_word' id='word_1_113' title='bbox 1276 1926 1307 1963; x_wconf 89' lang='lat' dir='ltr'><strong>e</strong></span> <span class='ocrx_word' id='word_1_114' title='bbox 1357 1923 1418 1961; x_wconf 86' lang='lat' dir='ltr'><strong>re</strong></span> <span class='ocrx_word' id='word_1_115' title='bbox 1462 1900 1748 1981; x_wconf 78' lang='lat' dir='ltr'><strong>publiea:</strong></span> <span class='ocrx_word' id='word_1_116' title='bbox 1787 1900 2017 1978; x_wconf 86' lang='lat' dir='ltr'><strong>quippe</strong></span> <span class='ocrx_word' id='word_1_117' title='bbox 2057 1920 2089 1957; x_wconf 88' lang='grc' dir='ltr'><em>ο</em></span> <span class='ocrx_word' id='word_1_118' title='bbox 2130 1919 2192 1957; x_wconf 96' lang='grc' dir='ltr'><strong>νο</strong></span> <span class='ocrx_word' id='word_1_119' title='bbox 2216 1900 2468 1979; x_wconf 73' lang='lat' dir='ltr'><strong>publica</strong></span> <span class='ocrx_word' id='word_1_120' title='bbox 2504 1900 2780 1961; x_wconf 78' lang='lat' dir='ltr'><strong>adiectivi</strong></span> 
     </span>
     <span class='ocr_line' id='line_1_15' title="bbox 815 2002 2777 2084; baseline -0.002 -16"><span class='ocrx_word' id='word_1_121' title='bbox 815 2008 1014 2068; x_wconf 81' lang='lat' dir='ltr'><strong>vicem</strong></span> <span class='ocrx_word' id='word_1_122' title='bbox 1065 2002 1341 2084; x_wconf 85' lang='lat' dir='ltr'><strong>sustinet)</strong></span> <span class='ocrx_word' id='word_1_123' title='bbox 1391 2003 1617 2062; x_wconf 89' lang='lat' dir='ltr'><strong>dicitur</strong></span> <span class='ocrx_word' id='word_1_124' title='bbox 1668 2004 1751 2078; x_wconf 92' lang='lat' dir='ltr'><strong>is,</strong></span> <span class='ocrx_word' id='word_1_125' title='bbox 1791 2002 1901 2080; x_wconf 89' lang='lat' dir='ltr'><strong>qui</strong></span> <span class='ocrx_word' id='word_1_126' title='bbox 1953 2002 2208 2080; x_wconf 86' lang='lat' dir='ltr'><strong>optimus</strong></span> <span class='ocrx_word' id='word_1_127' title='bbox 2240 2011 2439 2080; x_wconf 87' lang='lat' dir='ltr'><strong>partes</strong></span> <span class='ocrx_word' id='word_1_128' title='bbox 2475 2004 2543 2062; x_wconf 91' lang='lat' dir='ltr'><strong>in</strong></span> <span class='ocrx_word' id='word_1_129' title='bbox 2576 2024 2646 2064; x_wconf 89' lang='lat' dir='ltr'><strong>re</strong></span> <span class='ocrx_word' id='word_1_130' title='bbox 2677 2024 2777 2083; x_wconf 88' lang='lat' dir='ltr'><strong>pu·</strong></span> 
     </span>
     <span class='ocr_line' id='line_1_16' title="bbox 812 2103 2775 2187; baseline -0.002 -17"><span class='ocrx_word' id='word_1_131' title='bbox 812 2110 974 2170; x_wconf 80' lang='lat' dir='ltr'><strong>blica</strong></span> <span class='ocrx_word' id='word_1_132' title='bbox 1009 2108 1223 2187; x_wconf 84' lang='lat' dir='ltr'><strong>probat</strong></span> <span class='ocrx_word' id='word_1_133' title='bbox 1258 2116 1319 2167; x_wconf 89' lang='lat' dir='ltr'><strong>et</strong></span> <span class='ocrx_word' id='word_1_134' title='bbox 1354 2115 1581 2165; x_wconf 89' lang='lat' dir='ltr'><strong>tuetur.</strong></span> <span class='ocrx_word' id='word_1_135' title='bbox 1664 2103 1758 2163; x_wconf 84' lang='lat' dir='ltr'><strong>Ad</strong></span> <span class='ocrx_word' id='word_1_136' title='bbox 1790 2105 1919 2164; x_wconf 81' lang='lat' dir='ltr'><strong>niv.</strong></span> <span class='ocrx_word' id='word_1_137' title='bbox 1953 2104 2033 2162; x_wconf 83' lang='lat' dir='ltr'><strong>lx</strong></span> <span class='ocrx_word' id='word_1_138' title='bbox 2051 2151 2069 2180; x_wconf 95' lang='lat'><strong>,</strong></span> <span class='ocrx_word' id='word_1_139' title='bbox 2111 2105 2221 2180; x_wconf 89' lang='lat'><strong>21,</strong></span> <span class='ocrx_word' id='word_1_140' title='bbox 2262 2106 2331 2181; x_wconf 86' lang='lat'><strong>3,</strong></span> <span class='ocrx_word' id='word_1_141' title='bbox 2362 2118 2602 2186; x_wconf 72' lang='lat' dir='ltr'><strong>praeter</strong></span> <span class='ocrx_word' id='word_1_142' title='bbox 2630 2107 2775 2177; x_wconf 66' lang='lat' dir='ltr'><strong>hunc</strong></span> 
     </span>
     <span class='ocr_line' id='line_1_17' title="bbox 816 2207 2776 2290; baseline -0.002 -18"><span class='ocrx_word' id='word_1_143' title='bbox 816 2213 881 2272; x_wconf 83' lang='lat' dir='ltr'><strong>C.</strong></span> <span class='ocrx_word' id='word_1_144' title='bbox 940 2210 1292 2283; x_wconf 79' lang='lat' dir='ltr'><strong>Carbonem,</strong></span> <span class='ocrx_word' id='word_1_145' title='bbox 1352 2229 1521 2287; x_wconf 71' lang='lat' dir='ltr'><strong>quem</strong></span> <span class='ocrx_word' id='word_1_146' title='bbox 1581 2207 1979 2287; x_wconf 69' lang='lat' dir='ltr'><strong>Damasippus</strong></span> <span class='ocrx_word' id='word_1_147' title='bbox 2020 2209 2276 2282; x_wconf 71' lang='lat' dir='ltr'><strong>occidit,</strong></span> <span class='ocrx_word' id='word_1_148' title='bbox 2318 2211 2474 2269; x_wconf 73' lang='lat' dir='ltr'><strong>civis</strong></span> <span class='ocrx_word' id='word_1_149' title='bbox 2510 2231 2542 2268; x_wconf 85' lang='lat' dir='ltr'><strong>e</strong></span> <span class='ocrx_word' id='word_1_150' title='bbox 2577 2231 2641 2269; x_wconf 83' lang='lat' dir='ltr'><strong>re</strong></span> <span class='ocrx_word' id='word_1_151' title='bbox 2662 2232 2776 2290; x_wconf 77' lang='lat' dir='ltr'><strong>pu·-</strong></span> 
     </span>
     <span class='ocr_line' id='line_1_18' title="bbox 813 2308 2775 2390; baseline 0 -17"><span class='ocrx_word' id='word_1_152' title='bbox 813 2314 972 2373; x_wconf 75' lang='lat' dir='ltr'><strong>hlt&#39;ca</strong></span> <span class='ocrx_word' id='word_1_153' title='bbox 1028 2312 1357 2373; x_wconf 75' lang='lat' dir='ltr'><strong>Carbonum</strong></span> <span class='ocrx_word' id='word_1_154' title='bbox 1420 2330 1589 2368; x_wconf 68' lang='lat' dir='ltr'><strong>nemo</strong></span> <span class='ocrx_word' id='word_1_155' title='bbox 1624 2311 1783 2390; x_wconf 75' lang='lat' dir='ltr'><strong>saie.</strong></span> <span class='ocrx_word' id='word_1_156' title='bbox 1881 2308 2143 2388; x_wconf 81' lang='lat' dir='ltr'><strong>Philipp.</strong></span> <span class='ocrx_word' id='word_1_157' title='bbox 2198 2309 2373 2387; x_wconf 86' lang='lat' dir='ltr'><strong>vlu,</strong></span> <span class='ocrx_word' id='word_1_158' title='bbox 2432 2311 2507 2387; x_wconf 88' lang='lat'><strong>4,</strong></span> <span class='ocrx_word' id='word_1_159' title='bbox 2569 2312 2680 2389; x_wconf 82' lang='lat'><strong>13,</strong></span> <span class='ocrx_word' id='word_1_160' title='bbox 2723 2313 2775 2372; x_wconf 76' lang='lat' dir='ltr'><strong>si</strong></span> 
     </span>
     <span class='ocr_line' id='line_1_19' title="bbox 811 2411 2774 2491; baseline 0 -15"><span class='ocrx_word' id='word_1_161' title='bbox 811 2417 993 2477; x_wconf 78' lang='lat' dir='ltr'><strong>honos</strong></span> <span class='ocrx_word' id='word_1_162' title='bbox 1029 2426 1088 2474; x_wconf 77' lang='lat' dir='ltr'><strong>et</strong></span> <span class='ocrx_word' id='word_1_163' title='bbox 1119 2413 1295 2474; x_wconf 71' lang='lat' dir='ltr'><strong>utiles</strong></span> <span class='ocrx_word' id='word_1_164' title='bbox 1332 2423 1388 2472; x_wconf 73' lang='lat' dir='ltr'><strong>ee</strong></span> <span class='ocrx_word' id='word_1_165' title='bbox 1421 2433 1453 2470; x_wconf 84' lang='lat' dir='ltr'><strong>e</strong></span> <span class='ocrx_word' id='word_1_166' title='bbox 1490 2428 1554 2470; x_wconf 78' lang='lat' dir='ltr'><strong>re</strong></span> <span class='ocrx_word' id='word_1_167' title='bbox 1584 2411 1827 2491; x_wconf 78' lang='lat' dir='ltr'><strong>publica</strong></span> <span class='ocrx_word' id='word_1_168' title='bbox 1868 2414 2046 2472; x_wconf 80' lang='lat' dir='ltr'><strong>cives.</strong></span> <span class='ocrx_word' id='word_1_169' title='bbox 2129 2412 2332 2472; x_wconf 86' lang='lat' dir='ltr'><strong>Rabir.</strong></span> <span class='ocrx_word' id='word_1_170' title='bbox 2369 2411 2521 2474; x_wconf 82' lang='lat' dir='ltr'><strong>Post.</strong></span> <span class='ocrx_word' id='word_1_171' title='bbox 2556 2415 2633 2487; x_wconf 86' lang='lat'><strong>9,</strong></span> <span class='ocrx_word' id='word_1_172' title='bbox 2673 2414 2774 2490; x_wconf 84' lang='grc'><strong>23,</strong></span> 
     </span>
     <span class='ocr_line' id='line_1_20' title="bbox 811 2514 2771 2597; baseline -0.001 -18"><span class='ocrx_word' id='word_1_173' title='bbox 811 2518 891 2579; x_wconf 93' lang='lat' dir='ltr'><strong>de</strong></span> <span class='ocrx_word' id='word_1_174' title='bbox 914 2519 1032 2579; x_wconf 89' lang='lat' dir='ltr'><strong>hoc</strong></span> <span class='ocrx_word' id='word_1_175' title='bbox 1056 2518 1185 2596; x_wconf 85' lang='lat' dir='ltr'><strong>ipso</strong></span> <span class='ocrx_word' id='word_1_176' title='bbox 1210 2514 1540 2587; x_wconf 85' lang='lat' dir='ltr'><strong>Demetrio,</strong></span> <span class='ocrx_word' id='word_1_177' title='bbox 1572 2514 1936 2575; x_wconf 74' lang='lat' dir='ltr'><strong>Demetrium</strong></span> <span class='ocrx_word' id='word_1_178' title='bbox 1964 2527 2020 2576; x_wconf 75' lang='lat' dir='ltr'><strong>ee</strong></span> <span class='ocrx_word' id='word_1_179' title='bbox 2047 2535 2120 2574; x_wconf 60' lang='grc' dir='ltr'><strong>οε</strong></span> <span class='ocrx_word' id='word_1_180' title='bbox 2149 2537 2211 2575; x_wconf 94' lang='grc' dir='ltr'><strong>νο</strong></span> <span class='ocrx_word' id='word_1_181' title='bbox 2230 2518 2480 2597; x_wconf 67' lang='lat' dir='ltr'><strong>publiea</strong></span> <span class='ocrx_word' id='word_1_182' title='bbox 2499 2520 2771 2594; x_wconf 72' lang='lat' dir='ltr'><strong>Athenis,</strong></span> 
     </span>
     <span class='ocr_line' id='line_1_21' title="bbox 810 2616 2771 2702; baseline -0.002 -21"><span class='ocrx_word' id='word_1_183' title='bbox 810 2642 989 2702; x_wconf 76' lang='lat' dir='ltr'><strong>quam</strong></span> <span class='ocrx_word' id='word_1_184' title='bbox 1021 2622 1235 2700; x_wconf 70' lang='lat' dir='ltr'><strong>optime</strong></span> <span class='ocrx_word' id='word_1_185' title='bbox 1265 2619 1615 2699; x_wconf 69' lang='lat' dir='ltr'><strong>digesserat,</strong></span> <span class='ocrx_word' id='word_1_186' title='bbox 1648 2627 1706 2674; x_wconf 70' lang='lat' dir='ltr'><strong>ee</strong></span> <span class='ocrx_word' id='word_1_187' title='bbox 1739 2636 1813 2676; x_wconf 68' lang='lat' dir='ltr'><strong>ex</strong></span> <span class='ocrx_word' id='word_1_188' title='bbox 1847 2616 2118 2677; x_wconf 74' lang='lat' dir='ltr'><strong>doctrina</strong></span> <span class='ocrx_word' id='word_1_189' title='bbox 2147 2620 2403 2679; x_wconf 73' lang='lat' dir='ltr'><strong>nobilem</strong></span> <span class='ocrx_word' id='word_1_190' title='bbox 2436 2632 2494 2680; x_wconf 72' lang='lat' dir='ltr'><strong>et</strong></span> <span class='ocrx_word' id='word_1_191' title='bbox 2528 2622 2771 2682; x_wconf 68' lang='lat' dir='ltr'><strong>elam.-</strong></span> 
     </span>
     <span class='ocr_line' id='line_1_22' title="bbox 810 2718 2772 2802; baseline 0 -19"><span class='ocrx_word' id='word_1_192' title='bbox 810 2724 891 2783; x_wconf 87' lang='lat' dir='ltr'><strong>de</strong></span> <span class='ocrx_word' id='word_1_193' title='bbox 917 2742 1042 2802; x_wconf 86' lang='lat' dir='ltr'><strong>quo</strong></span> <span class='ocrx_word' id='word_1_194' title='bbox 1064 2723 1200 2782; x_wconf 91' lang='lat' dir='ltr'><strong>loco</strong></span> <span class='ocrx_word' id='word_1_195' title='bbox 1227 2739 1351 2780; x_wconf 85' lang='lat' dir='ltr'><strong>non</strong></span> <span class='ocrx_word' id='word_1_196' title='bbox 1380 2726 1545 2779; x_wconf 85' lang='lat' dir='ltr'><strong>recte</strong></span> <span class='ocrx_word' id='word_1_197' title='bbox 1574 2718 1858 2793; x_wconf 77' lang='lat' dir='ltr'><strong>Moserus,</strong></span> <span class='ocrx_word' id='word_1_198' title='bbox 1884 2719 2141 2797; x_wconf 78' lang='lat' dir='ltr'><strong>iungens</strong></span> <span class='ocrx_word' id='word_1_199' title='bbox 2166 2742 2240 2780; x_wconf 63' lang='grc' dir='ltr'><strong>εει·</strong></span> <span class='ocrx_word' id='word_1_200' title='bbox 2264 2742 2326 2780; x_wconf 94' lang='grc' dir='ltr'><strong>νο</strong></span> <span class='ocrx_word' id='word_1_201' title='bbox 2345 2723 2593 2802; x_wconf 74' lang='lat' dir='ltr'><strong>publiea</strong></span> <span class='ocrx_word' id='word_1_202' title='bbox 2616 2724 2772 2783; x_wconf 76' lang='lat' dir='ltr'><strong>nobi·</strong></span> 
     </span>
     <span class='ocr_line' id='line_1_23' title="bbox 809 2821 2768 2902; baseline 0.001 -16"><span class='ocrx_word' id='word_1_203' title='bbox 809 2828 955 2887; x_wconf 74' lang='lat' dir='ltr'><strong>lem:</strong></span> <span class='ocrx_word' id='word_1_204' title='bbox 997 2825 1153 2884; x_wconf 90' lang='lat' dir='ltr'><strong>nihil</strong></span> <span class='ocrx_word' id='word_1_205' title='bbox 1187 2822 1356 2883; x_wconf 87' lang='lat' dir='ltr'><strong>aliud</strong></span> <span class='ocrx_word' id='word_1_206' title='bbox 1392 2829 1481 2881; x_wconf 84' lang='lat' dir='ltr'><strong>est</strong></span> <span class='ocrx_word' id='word_1_207' title='bbox 1517 2822 1681 2880; x_wconf 87' lang='lat' dir='ltr'><strong>enim</strong></span> <span class='ocrx_word' id='word_1_208' title='bbox 1714 2821 1830 2880; x_wconf 89' lang='lat' dir='ltr'><strong>nisi</strong></span> <span class='ocrx_word' id='word_1_209' title='bbox 1866 2821 1970 2882; x_wconf 88' lang='lat' dir='ltr'><strong>Gr.</strong></span> <span class='ocrx_word' id='word_1_210' title='bbox 2005 2828 2259 2900; x_wconf 70' lang='grc' dir='ltr'><strong><em>χρηςός,</em></strong></span> <span class='ocrx_word' id='word_1_211' title='bbox 2314 2825 2397 2885; x_wconf 83' lang='lat' dir='ltr'><strong>ita</strong></span> <span class='ocrx_word' id='word_1_212' title='bbox 2436 2826 2515 2885; x_wconf 85' lang='lat' dir='ltr'><strong>ad</strong></span> <span class='ocrx_word' id='word_1_213' title='bbox 2550 2846 2768 2902; x_wconf 84' lang='lat' dir='ltr'><strong>mores,</strong></span> 
     </span>
     <span class='ocr_line' id='line_1_24' title="bbox 806 2921 2770 3009; baseline 0 -19"><span class='ocrx_word' id='word_1_214' title='bbox 806 2937 871 2990; x_wconf 88' lang='lat' dir='ltr'><strong>et</strong></span> <span class='ocrx_word' id='word_1_215' title='bbox 903 2929 980 2990; x_wconf 83' lang='lat' dir='ltr'><strong>ad</strong></span> <span class='ocrx_word' id='word_1_216' title='bbox 1016 2927 1373 2988; x_wconf 85' lang='lat' dir='ltr'><strong>sententiam</strong></span> <span class='ocrx_word' id='word_1_217' title='bbox 1405 2921 1704 2998; x_wconf 82' lang='lat' dir='ltr'><strong>refertur,</strong></span> <span class='ocrx_word' id='word_1_218' title='bbox 1744 2944 1868 2983; x_wconf 89' lang='lat' dir='ltr'><strong>non</strong></span> <span class='ocrx_word' id='word_1_219' title='bbox 1904 2924 1987 2984; x_wconf 90' lang='lat' dir='ltr'><strong>ita</strong></span> <span class='ocrx_word' id='word_1_220' title='bbox 2023 2925 2103 2984; x_wconf 86' lang='lat' dir='ltr'><strong>ad</strong></span> <span class='ocrx_word' id='word_1_221' title='bbox 2140 2926 2296 2986; x_wconf 78' lang='lat' dir='ltr'><strong>sacta</strong></span> <span class='ocrx_word' id='word_1_222' title='bbox 2327 2927 2585 2988; x_wconf 73' lang='lat' dir='ltr'><strong>illustria</strong></span> <span class='ocrx_word' id='word_1_223' title='bbox 2622 2948 2770 3009; x_wconf 84' lang='lat' dir='ltr'><strong>quae</strong></span> 
     </span>
     <span class='ocr_line' id='line_1_25' title="bbox 809 3025 2769 3105; baseline 0.001 -15"><span class='ocrx_word' id='word_1_224' title='bbox 809 3030 1204 3091; x_wconf 69' lang='lat' dir='ltr'><strong>nobilitat-ent</strong></span> <span class='ocrx_word' id='word_1_225' title='bbox 1268 3035 1595 3086; x_wconf 79' lang='lat' dir='ltr'><strong>auctorem.</strong></span> <span class='ocrx_word' id='word_1_226' title='bbox 1695 3025 1848 3085; x_wconf 84' lang='lat' dir='ltr'><strong>Hinc</strong></span> <span class='ocrx_word' id='word_1_227' title='bbox 1911 3027 2213 3105; x_wconf 87' lang='lat' dir='ltr'><strong>aptissime</strong></span> <span class='ocrx_word' id='word_1_228' title='bbox 2274 3029 2426 3089; x_wconf 86' lang='lat' dir='ltr'><strong>ibid.</strong></span> <span class='ocrx_word' id='word_1_229' title='bbox 2494 3031 2769 3091; x_wconf 86' lang='lat' dir='ltr'><strong>adiicitur</strong></span> 
     </span>
     <span class='ocr_line' id='line_1_26' title="bbox 808 3129 2761 3213; baseline 0.001 -21"><span class='ocrx_word' id='word_1_230' title='bbox 808 3155 986 3213; x_wconf 79' lang='lat' dir='ltr'><strong>quam</strong></span> <span class='ocrx_word' id='word_1_231' title='bbox 1012 3134 1225 3213; x_wconf 71' lang='lat' dir='ltr'><strong>optime</strong></span> <span class='ocrx_word' id='word_1_232' title='bbox 1258 3131 1580 3211; x_wconf 69' lang='lat' dir='ltr'><strong>digesserat</strong></span> <span class='ocrx_word' id='word_1_233' title='bbox 1596 3174 1615 3204; x_wconf 99' lang='lat'><strong>,</strong></span> <span class='ocrx_word' id='word_1_234' title='bbox 1656 3147 1772 3188; x_wconf 85' lang='lat' dir='ltr'><strong>nec</strong></span> <span class='ocrx_word' id='word_1_235' title='bbox 1804 3129 2096 3206; x_wconf 78' lang='lat' dir='ltr'><strong>glossema</strong></span> <span class='ocrx_word' id='word_1_236' title='bbox 2131 3129 2247 3190; x_wconf 85' lang='lat' dir='ltr'><strong>hoc</strong></span> <span class='ocrx_word' id='word_1_237' title='bbox 2274 3130 2627 3193; x_wconf 84' lang='lat' dir='ltr'><strong>habendum</strong></span> <span class='ocrx_word' id='word_1_238' title='bbox 2657 3140 2761 3210; x_wconf 64' lang='grc' dir='ltr'><strong>αἱς</strong></span> 
     </span>
     <span class='ocr_line' id='line_1_27' title="bbox 807 3231 2763 3315; baseline 0.001 -21"><span class='ocrx_word' id='word_1_239' title='bbox 807 3254 1175 3315; x_wconf 79' lang='lat' dir='ltr'><strong>quamquam</strong></span> <span class='ocrx_word' id='word_1_240' title='bbox 1224 3231 1491 3293; x_wconf 89' lang='lat' dir='ltr'><strong>concedo</strong></span> <span class='ocrx_word' id='word_1_241' title='bbox 1542 3238 1884 3290; x_wconf 85' lang='lat' dir='ltr'><strong>extremum</strong></span> <span class='ocrx_word' id='word_1_242' title='bbox 1920 3232 2242 3313; x_wconf 69' lang='lat' dir='ltr'><strong>digesserat</strong></span> <span class='ocrx_word' id='word_1_243' title='bbox 2275 3236 2650 3296; x_wconf 84' lang='lat' dir='ltr'><strong>correctione</strong></span> <span class='ocrx_word' id='word_1_244' title='bbox 2682 3237 2763 3295; x_wconf 90' lang='lat' dir='ltr'><strong>in·</strong></span> 
     </span>
     <span class='ocr_line' id='line_1_28' title="bbox 807 3332 2570 3417; baseline 0.001 -20"><span class='ocrx_word' id='word_1_245' title='bbox 807 3339 1037 3417; x_wconf 78' lang='lat' dir='ltr'><strong>digere.</strong></span> <span class='ocrx_word' id='word_1_246' title='bbox 1116 3336 1250 3395; x_wconf 83' lang='lat' dir='ltr'><strong>Non</strong></span> <span class='ocrx_word' id='word_1_247' title='bbox 1290 3335 1600 3395; x_wconf 82' lang='lat' dir='ltr'><strong>latuerunt</strong></span> <span class='ocrx_word' id='word_1_248' title='bbox 1649 3333 1716 3392; x_wconf 88' lang='lat' dir='ltr'><strong>hi</strong></span> <span class='ocrx_word' id='word_1_249' title='bbox 1771 3332 1890 3394; x_wconf 93' lang='lat' dir='ltr'><strong>loci</strong></span> <span class='ocrx_word' id='word_1_250' title='bbox 1924 3335 2221 3395; x_wconf 87' lang='lat' dir='ltr'><strong>Orellium</strong></span> <span class='ocrx_word' id='word_1_251' title='bbox 2254 3336 2334 3396; x_wconf 83' lang='lat' dir='ltr'><strong>ad</strong></span> <span class='ocrx_word' id='word_1_252' title='bbox 2363 3336 2570 3399; x_wconf 86' lang='lat' dir='ltr'><strong>Rabir.</strong></span> 
     </span>
    </p>

    <p class='ocr_par' dir='ltr' id='par_1_4' title="bbox 804 3434 2764 4137">
     <span class='ocr_line' id='line_1_29' title="bbox 888 3434 2763 3516; baseline 0 -16"><span class='ocrx_word' id='word_1_253' title='bbox 888 3439 1248 3516; x_wconf 72' lang='lat' dir='ltr'><strong>tuendaeque</strong></span> <span class='ocrx_word' id='word_1_254' title='bbox 1287 3436 1558 3496; x_wconf 68' lang='lat' dir='ltr'><strong>civitatis</strong></span> <span class='ocrx_word' id='word_1_255' title='bbox 1578 3434 2026 3516; x_wconf 77' lang='lat' dir='ltr'><strong>paratissimus)</strong></span> <span class='ocrx_word' id='word_1_256' title='bbox 2104 3438 2287 3513; x_wconf 87' lang='lat' dir='ltr'><strong>Satis,</strong></span> <span class='ocrx_word' id='word_1_257' title='bbox 2333 3439 2550 3516; x_wconf 87' lang='lat' dir='ltr'><strong>credo,</strong></span> <span class='ocrx_word' id='word_1_258' title='bbox 2592 3440 2763 3502; x_wconf 86' lang='lat' dir='ltr'><strong>modo</strong></span> 
     </span>
     <span class='ocr_line' id='line_1_30' title="bbox 807 3537 2762 3622; baseline -0.001 -20"><span class='ocrx_word' id='word_1_259' title='bbox 807 3542 1138 3622; x_wconf 77' lang='lat' dir='ltr'><strong>disputavi,</strong></span> <span class='ocrx_word' id='word_1_260' title='bbox 1175 3560 1251 3599; x_wconf 84' lang='lat' dir='ltr'><strong>ex</strong></span> <span class='ocrx_word' id='word_1_261' title='bbox 1282 3559 1407 3618; x_wconf 89' lang='lat' dir='ltr'><strong>qno</strong></span> <span class='ocrx_word' id='word_1_262' title='bbox 1432 3537 1787 3598; x_wconf 80' lang='lat' dir='ltr'><strong>conficiatur</strong></span> <span class='ocrx_word' id='word_1_263' title='bbox 1816 3559 1896 3599; x_wconf 91' lang='lat' dir='ltr'><strong>ne</strong></span> <span class='ocrx_word' id='word_1_264' title='bbox 1932 3539 2049 3601; x_wconf 88' lang='lat' dir='ltr'><strong>hoe</strong></span> <span class='ocrx_word' id='word_1_265' title='bbox 2074 3540 2324 3620; x_wconf 87' lang='lat' dir='ltr'><strong>quidem</strong></span> <span class='ocrx_word' id='word_1_266' title='bbox 2356 3541 2645 3619; x_wconf 72' lang='lat' dir='ltr'><strong>glossema</strong></span> <span class='ocrx_word' id='word_1_267' title='bbox 2668 3543 2762 3602; x_wconf 82' lang='lat' dir='ltr'><strong>ha·</strong></span> 
     </span>
     <span class='ocr_line' id='line_1_31' title="bbox 804 3640 2764 3723; baseline 0 -18"><span class='ocrx_word' id='word_1_268' title='bbox 804 3643 1075 3706; x_wconf 73' lang='lat' dir='ltr'><strong>bendum</strong></span> <span class='ocrx_word' id='word_1_269' title='bbox 1118 3660 1261 3702; x_wconf 86' lang='lat' dir='ltr'><strong>esse.</strong></span> <span class='ocrx_word' id='word_1_270' title='bbox 1358 3640 1474 3700; x_wconf 85' lang='lat' dir='ltr'><strong>Sed</strong></span> <span class='ocrx_word' id='word_1_271' title='bbox 1514 3643 1955 3720; x_wconf 65' lang='lat' dir='ltr'><strong>peritissimus,</strong></span> <span class='ocrx_word' id='word_1_272' title='bbox 1996 3644 2161 3723; x_wconf 86' lang='lat' dir='ltr'><strong>quod</strong></span> <span class='ocrx_word' id='word_1_273' title='bbox 2197 3643 2302 3703; x_wconf 86' lang='lat' dir='ltr'><strong>edi</strong></span> <span class='ocrx_word' id='word_1_274' title='bbox 2340 3643 2525 3717; x_wconf 82' lang='lat' dir='ltr'><strong>solet,</strong></span> <span class='ocrx_word' id='word_1_275' title='bbox 2565 3645 2764 3705; x_wconf 78' lang='lat' dir='ltr'><strong>nunus</strong></span> 
     </span>
     <span class='ocr_line' id='line_1_32' title="bbox 805 3742 2760 3825; baseline -0.001 -17"><span class='ocrx_word' id='word_1_276' title='bbox 805 3765 1084 3808; x_wconf 83' lang='lat' dir='ltr'><strong>meorum</strong></span> <span class='ocrx_word' id='word_1_277' title='bbox 1131 3744 1425 3803; x_wconf 86' lang='lat' dir='ltr'><strong>librorum</strong></span> <span class='ocrx_word' id='word_1_278' title='bbox 1474 3742 1691 3803; x_wconf 81' lang='lat' dir='ltr'><strong>habet:</strong></span> <span class='ocrx_word' id='word_1_279' title='bbox 1746 3764 1861 3804; x_wconf 88' lang='lat' dir='ltr'><strong>nec</strong></span> <span class='ocrx_word' id='word_1_280' title='bbox 1880 3792 1898 3821; x_wconf 95' lang='lat'><strong>,</strong></span> <span class='ocrx_word' id='word_1_281' title='bbox 1940 3753 2013 3805; x_wconf 89' lang='lat' dir='ltr'><strong>ut</strong></span> <span class='ocrx_word' id='word_1_282' title='bbox 2043 3754 2227 3825; x_wconf 89' lang='lat' dir='ltr'><strong>puto,</strong></span> <span class='ocrx_word' id='word_1_283' title='bbox 2265 3748 2600 3807; x_wconf 81' lang='lat' dir='ltr'><strong>sententiae</strong></span> <span class='ocrx_word' id='word_1_284' title='bbox 2628 3766 2760 3808; x_wconf 86' lang='lat' dir='ltr'><strong>oon·</strong></span> 
     </span>
     <span class='ocr_line' id='line_1_33' title="bbox 804 3846 2761 3927; baseline -0.001 -17"><span class='ocrx_word' id='word_1_285' title='bbox 804 3851 940 3911; x_wconf 88' lang='lat' dir='ltr'><strong>silio</strong></span> <span class='ocrx_word' id='word_1_286' title='bbox 987 3846 1384 3923; x_wconf 75' lang='lat' dir='ltr'><strong>satisfaceret5</strong></span> <span class='ocrx_word' id='word_1_287' title='bbox 1427 3847 1658 3926; x_wconf 87' lang='lat' dir='ltr'><strong>qnippe</strong></span> <span class='ocrx_word' id='word_1_288' title='bbox 1695 3867 1890 3927; x_wconf 84' lang='lat' dir='ltr'><strong>quum</strong></span> <span class='ocrx_word' id='word_1_289' title='bbox 1924 3848 2282 3910; x_wconf 74' lang='lat' dir='ltr'><strong>laudavisset</strong></span> <span class='ocrx_word' id='word_1_290' title='bbox 2311 3852 2669 3911; x_wconf 82' lang='lat' dir='ltr'><strong>sententiam</strong></span> <span class='ocrx_word' id='word_1_291' title='bbox 2699 3852 2761 3909; x_wconf 89' lang='lat' dir='ltr'><strong>in</strong></span> 
     </span>
     <span class='ocr_line' id='line_1_34' title="bbox 805 3950 2757 4033; baseline -0.002 -18"><span class='ocrx_word' id='word_1_292' title='bbox 805 3975 876 4015; x_wconf 86' lang='lat' dir='ltr'><strong>re</strong></span> <span class='ocrx_word' id='word_1_293' title='bbox 924 3952 1171 4033; x_wconf 81' lang='lat' dir='ltr'><strong>publica</strong></span> <span class='ocrx_word' id='word_1_294' title='bbox 1214 3950 1537 4026; x_wconf 86' lang='lat' dir='ltr'><strong>Demetrii,</strong></span> <span class='ocrx_word' id='word_1_295' title='bbox 1590 3970 1758 4011; x_wconf 88' lang='lat' dir='ltr'><strong>nunc</strong></span> <span class='ocrx_word' id='word_1_296' title='bbox 1803 3971 2048 4031; x_wconf 87' lang='lat' dir='ltr'><strong>operam</strong></span> <span class='ocrx_word' id='word_1_297' title='bbox 2087 3952 2219 4012; x_wconf 87' lang='lat' dir='ltr'><strong>eius</strong></span> <span class='ocrx_word' id='word_1_298' title='bbox 2251 3952 2503 4014; x_wconf 77' lang='lat' dir='ltr'><strong>laudare</strong></span> <span class='ocrx_word' id='word_1_299' title='bbox 2537 3954 2757 4014; x_wconf 74' lang='lat' dir='ltr'><strong>voluit:</strong></span> 
     </span>
     <span class='ocr_line' id='line_1_35' title="bbox 804 4052 2691 4137; baseline 0.001 -20"><span class='ocrx_word' id='word_1_300' title='bbox 804 4064 868 4118; x_wconf 87' lang='lat' dir='ltr'><strong>et</strong></span> <span class='ocrx_word' id='word_1_301' title='bbox 887 4068 1139 4137; x_wconf 71' lang='lat' dir='ltr'><strong>paratus</strong></span> <span class='ocrx_word' id='word_1_302' title='bbox 1177 4060 1267 4115; x_wconf 89' lang='lat' dir='ltr'><strong>est</strong></span> <span class='ocrx_word' id='word_1_303' title='bbox 1301 4059 1616 4132; x_wconf 84' lang='lat' dir='ltr'><strong>promptus</strong></span> <span class='ocrx_word' id='word_1_304' title='bbox 1652 4052 1721 4111; x_wconf 90' lang='lat' dir='ltr'><strong>in</strong></span> <span class='ocrx_word' id='word_1_305' title='bbox 1760 4053 2028 4132; x_wconf 78' lang='lat' dir='ltr'><strong>agendo,</strong></span> <span class='ocrx_word' id='word_1_306' title='bbox 2066 4054 2144 4116; x_wconf 76' lang='lat' dir='ltr'><strong>cs.</strong></span> <span class='ocrx_word' id='word_1_307' title='bbox 2188 4054 2356 4116; x_wconf 88' lang='lat' dir='ltr'><strong>Brut.</strong></span> <span class='ocrx_word' id='word_1_308' title='bbox 2393 4055 2511 4132; x_wconf 81' lang='lat'><strong>39,</strong></span> <span class='ocrx_word' id='word_1_309' title='bbox 2556 4055 2691 4119; x_wconf 82' lang='lat'><strong>145.</strong></span> 
     </span>
    </p>

    <p class='ocr_par' dir='ltr' id='par_1_5' title="bbox 890 4151 2757 4244">
     <span class='ocr_line' id='line_1_36' title="bbox 890 4151 2757 4244; baseline -0.001 -28"><span class='ocrx_word' id='word_1_310' title='bbox 890 4169 1025 4216; x_wconf 71' lang='lat' dir='ltr'><strong>ante</strong></span> <span class='ocrx_word' id='word_1_311' title='bbox 1082 4158 1270 4216; x_wconf 76' lang='lat' dir='ltr'><strong>lucem</strong></span> <span class='ocrx_word' id='word_1_312' title='bbox 1326 4186 1406 4200; x_wconf 90' lang='lat'><em>-</em></span> <span class='ocrx_word' id='word_1_313' title='bbox 1463 4151 1689 4235; x_wconf 66' lang='lat' dir='ltr'><strong>effen-i)</strong></span> <span class='ocrx_word' id='word_1_314' title='bbox 1784 4155 1941 4217; x_wconf 83' lang='lat' dir='ltr'><strong>Haec</strong></span> <span class='ocrx_word' id='word_1_315' title='bbox 1997 4165 2060 4217; x_wconf 88' lang='lat' dir='ltr'><strong>et</strong></span> <span class='ocrx_word' id='word_1_316' title='bbox 2119 4157 2390 4244; x_wconf 69' lang='lat' dir='ltr'><strong>reliqna,</strong></span> <span class='ocrx_word' id='word_1_317' title='bbox 2448 4177 2607 4237; x_wconf 83' lang='lat' dir='ltr'><strong>quae</strong></span> <span class='ocrx_word' id='word_1_318' title='bbox 2663 4156 2757 4217; x_wconf 88' lang='lat' dir='ltr'><strong>hic</strong></span> 
     </span>
    </p>
   </div>
   <div class='ocr_carea' id='block_1_3' title="bbox 2987 2953 2996 4042">
    <p class='ocr_par' dir='ltr' id='par_1_6' title="bbox 2987 2953 2996 4042">
     <span class='ocr_line' id='line_1_37' title="bbox 2987 2953 2996 4042; baseline 0 0"><span class='ocrx_word' id='word_1_319' title='bbox 2987 2953 2996 4042; x_wconf 95' lang='lat' dir='ltr'><strong> </strong></span> 
     </span>
    </p>
   </div>
  </div>
 </body>
</html>
