3131 5032
1336 523 1429 592 99

405 728 778 822 cernendi,
830 755 1042 807 nosse
1074 733 1396 834 exempia
1424 738 1799 809 maiorum.
1902 737 2175 814 Videtis
2212 742 2355 811 iam

402 874 636 948 genus
673 850 817 923 hoc
846 876 1064 923 omne
1099 857 1467 943 scientiae,
1499 853 1939 952 diligentiae,
1969 862 2359 931 memoriae

399 995 589 1061 esse,
637 974 794 1044 sine
841 997 991 1069 quo
1037 988 1326 1074 paratus
1372 999 1528 1048 esse
1572 990 1862 1049 senator
1902 977 2103 1050 nullo
2146 991 2359 1078 pacto

404 1104 669 1189 potest.

505 1213 861 1309 Deinceps
902 1226 1074 1283 sunt
1121 1236 1287 1284 cum
1323 1211 1595 1312 populo
1632 1217 1972 1287 actiones.
2071 1220 2153 1288 In
2195 1218 2358 1313 qui·
2425 1238 2513 1292 η

402 1327 549 1400 bus
577 1333 895 1428 primum
934 1347 1009 1403 et
1043 1335 1465 1421 maximum,
1515 1335 1618 1404 vis
1650 1330 1913 1405 abesto,
2015 1334 2211 1407 Nihil
2248 1350 2357 1406 est

406 1452 603 1519 enim
636 1452 1003 1521 exitiosius
1036 1448 1488 1541 civitatibus,
1513 1452 1697 1523 nihil
1736 1466 1879 1525 tam
1916 1458 2360 1527 contrarium

409 1569 554 1638 iuri
588 1592 673 1641 ac
711 1567 1019 1666 legibus,
1069 1568 1248 1640 nihil
1285 1568 1522 1642 minus
1562 1569 1769 1642 civile
1804 1586 1914 1643 est
1943 1585 1962 1624 ¹
2009 1586 2079 1645 et
2114 1573 2366 1645 huma-

410 1709 592 1757 num
640 1710 889 1784 quam,
940 1674 1338 1787 com'posita
1375 1701 1449 1760 et
1501 1693 1890 1761 constituta
1936 1715 2014 1762 re
2046 1690 2365 1790 publica,

410 1805 815 1904 quidquam
862 1812 977 1906 agi
1018 1832 1149 1908 per
1195 1812 1362 1879 vim.
1475 1812 1731 1880 Parere
1783 1808 1986 1881 iubet
2030 1813 2371 1882 interces-

412 1929 594 1998 sori:
631 1951 784 2024 quo
817 1926 995 1997 nihil
1033 1930 1526 2026 praestantius,
1573 1934 1583 1943 ’
1625 1927 1967 2027 Ῑωρεάἱή
2004 1933 2198 2001 enim
2235 1930 2370 2002 bo-

412 2072 583 2121 nam
644 2073 797 2120 rem
850 2048 1130 2138 meliuS,
1183 2073 1402 2146 quam
1448 2048 1749 2121 concedi
1801 2048 2044 2123 malae.
2148 2048 2366 2140 Quod
2438 2065 2579 2120 xlx.

283 2194 298 2209 ·
414 2191 587 2239 vero
618 2170 881 2239 actoris
929 2164 1148 2239 iubeo
1179 2192 1332 2239 esse
1368 2165 1733 2259 fraudem,
1784 2168 1856 2240 id
1894 2182 2133 2241 totum
2168 2167 2312 2242 dici
2335 2184 2364 2226 ²

413 2312 504 2360 ex
524 2291 786 2377 Crassi,
814 2289 1313 2387 sapientissimi
1343 2286 1691 2378 hominiS,
1726 2292 2113 2379 sententia,
2147 2313 2370 2387 quem

415 2421 528 2480 est
563 2420 854 2480 senatus
879 2421 1170 2489 secutus
1200 2415 1260 2497 ⁸,
1296 2431 1525 2504 quum
1552 2405 2017 2499 decrevisset,
2063 2412 2142 2481 C.
2163 2409 2369 2482 Clau-

414 2528 540 2601 dio
589 2527 882 2600 consule
924 2527 1016 2600 de
1058 2531 1134 2600 C.
1180 2527 1531 2600 Carbonis
1576 2527 1925 2600 seditione
1976 2526 2370 2620 referente,

415 2652 647 2721 invito
685 2673 775 2721 eo
806 2651 937 2746 qui
971 2672 1138 2720 cum
1170 2647 1445 2747 populo
1482 2660 1725 2744 ageret
1761 2647 2186 2722 seditionem
2220 2674 2371 2721 non

413 2793 629 2870 posse
678 2767 875 2857 fieri,
938 2770 1208 2866 quippe
1265 2770 1381 2838 cui
1433 2766 1643 2839 liceat
1698 2766 2080 2839 concilium
2131 2767 2378 2839 simul·

415 2901 641 2986 atque
666 2892 1137 2969 intercessum
1165 2885 1593 2982 turbarique
1628 2899 1969 2984 coeptum
2006 2891 2097 2957 sit
2134 2885 2375 2957 dimit·

418 3023 608 3081 tere:
641 3006 867 3104 quod,
905 3010 1034 3104 qui
1069 3017 1447 3105 permovet
1479 3028 1708 3103 quum
1743 3007 1855 3101 agi
1888 3003 2066 3075 nihil
2099 3018 2374 3104 potest,

415 3131 566 3201 vim
598 3129 911 3225 quaerit,
952 3130 1158 3198 cuius
1191 3128 1692 3225 impunitatem
1727 3127 1992 3197 amittit
2027 3122 2164 3196 hac
2194 3123 2372 3222 lege.

514 3250 861 3344 Sequitur
902 3243 1111 3316 illud:
1161 3246 1580 3316 mter-cessor-
1615 3246 1723 3313 rec'
1762 3239 1997 3312 malae
2037 3240 2387 3314 salutaris—

416 3370 589 3441 οἰνιὶς
631 3381 800 3438 esto.
897 3366 1080 3455 Quis
1120 3387 1269 3434 non
1314 3360 1636 3434 studiose
1679 3363 1785 3434 rei
1830 3358 2163 3460 publicae
2204 3360 2371 3434 sub-
2439 3389 2527 3443 43.

414 3490 727 3577 venerit,
777 3484 915 3558 hac
943 3499 1091 3555 tam
1124 3482 1483 3582 praeclara
1512 3481 1692 3578 legis
1723 3503 1899 3551 voce
1931 3478 2298 3553 laudatus?
2366 3526 2390 3550 .

516 3612 699 3679 Sunt
759 3602 1022 3678 deinde
1083 3606 1316 3701 posita
1372 3601 1715 3700 deinceps
1777 3623 1965 3696 quae
2019 3599 2373 3673 habemus

415 3730 637 3801 etiam
682 3728 759 3797 in
809 3723 1114 3824 publicis
1149 3723 1497 3793 institutis
1534 3734 1755 3817 atque
1790 3717 2097 3817 legibus:
2136 3725 2374 3818 auspi-

417 3849 538 3920 cia
595 3858 947 3931 servante,
1010 3845 1264 3941 auguri
1300 3854 1621 3938 parento.
1719 3843 1843 3910 Est
1893 3853 2137 3912 autem
2191 3840 2371 3913 boni

417 3967 717 4064 auguris
754 3965 1161 4036 meminisse
1181 3971 1209 4011 ⁴
1249 3962 1572 4034 maximis
1601 3963 1705 4032 rei
1739 3958 2067 4059 publioee
2094 3973 2374 4060 tempo-

483 4238 500 4272 ¹
541 4232 722 4284 minus
752 4238 804 4280 et
835 4227 1010 4281 civile.
1084 4229 1108 4264 ²
1144 4225 1277 4276 dixi.
1349 4228 1372 4264 ⁸
1406 4234 1729 4276 consecutus.
1801 4225 1824 4262 ⁵
1862 4226 2165 4279 meminisse
2206 4245 2281 4280 se.

1997 4319 2084 4370 „t

2004 4371 2027 4412 l
