3131 5032
804 429 932 498 618
1454 423 1597 490 Lm.
1637 422 1769 507 111,
1830 424 1938 507 lo,
1990 425 2096 490 24.

876 632 1082 692 ducem
1133 650 1314 710 quum
1363 626 1557 707 habet)
1635 626 1855 706 Recepi
1909 627 2025 687 hoe
2065 645 2139 685 ex
2190 627 2380 686 tribus
2416 629 2598 705 meis,
2647 649 2769 709 pro

795 735 961 812 vulg.
1024 732 1180 811 quod
1229 730 1430 798 habet,
1504 730 1793 809 quoniam
1858 731 1922 788 in
1985 749 2211 807 genere
2269 724 2464 809 loqui'
2499 731 2764 793 videtur.

793 835 1085 897 Similiter
1114 836 1178 894 in
1209 855 1278 894 re
1311 854 1436 894 non
1468 832 1681 892 eadem
1715 831 1881 914 (nam
1910 833 2111 910 agitur
2143 852 2267 891 non
2306 833 2384 893 de
2416 833 2622 911 plebe,
2658 834 2765 894 sed

793 939 874 999 de
919 939 1170 1018 perditis
1200 934 1577 1016 hominibus)
1613 936 1773 995 Sext.
1815 934 1924 1010 46,
1966 934 2078 1009 99,
2136 936 2244 1014 qui
2289 956 2471 1015 quum
2498 947 2768 996 auctam

792 1054 934 1102 sune
987 1052 1043 1101 et
1096 1041 1271 1101 duces
1324 1040 1652 1100 studiorum
1706 1038 2100 1116 vitiorumque
2151 1040 2336 1098 neoti.
2418 1029 2557 1099 sed„
2584 1040 2766 1118 plane

793 1145 1094 1223 conspirat
1133 1144 1200 1202 in
1239 1144 1536 1203 sententia
1576 1141 1783 1201 Livius
1820 1139 1930 1198 vll
1950 1185 1968 1214 ,
2016 1138 2128 1214 14,
2169 1139 2227 1200 2.

870 1248 997 1305 dua,-
1030 1247 1188 1305 enim
1218 1277 1302 1292 —-
1324 1245 1608 1326 progredi
1645 1241 1896 1324 cogitat)
1966 1242 2089 1302 Suo
2123 1264 2184 1302 ee
2213 1241 2382 1302 edidi
2415 1263 2492 1304 ex
2525 1244 2764 1305 duobus

789 1348 997 1408 Ambr.
1016 1394 1034 1424 ‚
1076 1367 1269 1427 quum
1324 1348 1439 1406 viri
1494 1346 1657 1406 docti
1692 1346 1810 1405 iam
1850 1343 2009 1404 illud
2045 1363 2319 1422 pronom.
2356 1345 2468 1426 (se)
2503 1349 2764 1426 requisi-

789 1453 1030 1512 vissent.
1071 1450 1352 1511 Ceterum
1382 1456 1522 1528 apte
1549 1448 1748 1507 videri
1775 1447 1958 1526 possit
1980 1450 2205 1528 cogitat
2234 1448 2457 1527 opponi
2486 1451 2762 1528 sequenti

790 1557 1080 1614 rationem
1142 1573 1264 1613 non
1311 1552 1518 1612 babet:
1579 1568 1698 1610 nec
1754 1558 1957 1608 tamen
2013 1550 2419 1627 spernendum
2477 1551 2541 1610 id
2595 1551 2762 1631 quod

791 1657 1033 1734 Legem.
1067 1655 1150 1717 96
1190 1655 1412 1730 habet,
1448 1663 1655 1734 putat,
1695 1652 1872 1712 cuius
1907 1653 2040 1712 loco
2075 1653 2123 1711 si
2159 1653 2464 1731 legeretur
2496 1666 2760 1735 reputat,

791 1759 883 1819 nil
914 1759 1313 1839 requirerem.
1371 1739 1724 1836 Opportune
1756 1755 1924 1814 hunc
1953 1754 2156 1814 locum
2192 1754 2476 1816 adhibuit
2501 1758 2759 1819 Gronov.

793 1861 873 1921 ad
911 1862 1040 1922 Liv.
1081 1859 1296 1937 xxvl,
1340 1859 1455 1934 48,
1503 1857 1598 1919 10.

873 1961 918 2045 5
956 1961 1056 2024 24.
1137 1973 1194 2022 ct
1236 1961 1472 2041 quidem
1501 1978 1673 2039 saepe
1705 1955 1966 2037 cedatur)
2045 1958 2378 2036 Madvigius
2425 1958 2755 2022 Emendatt.

793 2086 854 2144 p.
891 2065 973 2126 90
1006 2084 1135 2143 sqq.
1189 2071 1367 2123 acute
1411 2070 1472 2121 et
1523 2061 1764 2138 copiose
1812 2061 1996 2120 huius
2030 2060 2360 2139 formulae,
2401 2075 2458 2123 ot
2493 2065 2722 2143 quidem
2738 2110 2756 2140 ‚

793 2167 921 2226 vim
956 2164 1286 2243 explicuit:
1327 2161 1489 2223 conf.
1526 2160 1694 2220 idem
1731 2158 1810 2218 ad
1843 2159 1971 2221 Fin.
2008 2160 2072 2235 1,
2108 2160 2214 2238 10,
2250 2160 2350 2222 35.
2405 2163 2756 2244 Exemplum

793 2265 964 2328 aliud
997 2273 1083 2325 est
1119 2263 1249 2323 Fin.
1266 2262 1364 2337 11,
1404 2262 1514 2337 25,
1555 2259 1658 2320 81.
1692 2261 1808 2321 in.2
1852 2260 1956 2320 aed
1985 2260 2135 2322 ibid.
2155 2260 2226 2322 31
2253 2308 2271 2338 ,
2312 2263 2460 2340 103,
2495 2267 2756 2341 sustulit,

792 2377 929 2452 post
974 2367 1150 2442 alios,
1201 2364 1570 2443 Madvigius,
1627 2364 1692 2422 in
1742 2362 1872 2439 his,
1926 2363 2010 2423 Et
2056 2366 2174 2424 isto
2209 2367 2379 2427 modo
2413 2388 2490 2427 no
2524 2371 2585 2428 ei
2620 2373 2757 2429 ecia

796 2473 1035 2554 quidem
1082 2471 1217 2530 eius
1268 2479 1413 2529 nota
1458 2486 1580 2526 non
1635 2476 1780 2527 esset
1798 2511 1816 2541 ‚
1877 2465 2087 2526 delens
2136 2478 2233 2528 oe.-
2289 2470 2396 2530 sed
2447 2487 2756 2552 perperam

795 2576 991 2639 utitur
1043 2573 1402 2634 auctoritate
1448 2570 1602 2646 loci,
1652 2588 1841 2648 quem
1875 2570 2135 2646 indicat,
2166 2570 2317 2633 ibid.
2354 2572 2426 2648 8,
2461 2574 2566 2649 23,
2604 2595 2757 2655 quo-

793 2680 961 2739 niam
1012 2676 1277 2738 formula
1327 2685 1384 2733 et
1437 2673 1675 2753 quidem
1724 2674 1968 2750 propria
2016 2682 2104 2732 est
2155 2673 2573 2753 disputationis
2603 2679 2758 2739 inter

792 2787 1164 2862 praesentes,
1215 2777 1343 2837 sive
1376 2795 1593 2851 verae,
1632 2776 1760 2834 sive
1794 2795 1864 2835 ea
1899 2775 2197 2853 fingatur,
2245 2778 2360 2839 isto
2395 2789 2597 2841 autem
2633 2783 2759 2842 loco

793 2880 1041 2962 Epicuri
1084 2878 1381 2941 sententia
1424 2878 1773 2957 exploratur
1809 2886 1878 2937 ut
1911 2877 2205 2938 absentis:
2249 2901 2363 2941 nec
2402 2891 2553 2961 puto
2582 2884 2759 2963 parti·

797 2986 998 3046 culam
1033 2995 1121 3058 ee,
1161 3001 1320 3061 quae
1351 2981 1511 3040 hanc
1547 2981 1731 3040 habet
1767 2982 1890 3039 vim
1926 2988 2029 3057 ut,
2070 3000 2230 3060 quae
2265 2982 2585 3061 dicuntur,
2618 2994 2755 3047 uun.

794 3106 981 3169 qnam
1062 3085 1246 3145 adiici
1305 3083 1629 3143 videantur
1704 3082 2031 3143 adversarii
2100 3086 2358 3146 orationi
2423 3089 2595 3149 velut
2652 3109 2757 3149 ne-

795 3190 1120 3251 cessarium
1180 3186 1569 3246 corollarium
1632 3194 1694 3246 et
1749 3186 2253 3265 complementem
2273 3236 2291 3265 ,
2352 3193 2646 3252 »transire
2693 3192 2753 3250 in

797 3312 914 3354 »ne
945 3324 1030 3339 --
1060 3291 1297 3371 quidem
1311 3293 1370 3366 ,”
1424 3298 1495 3349 ut
1540 3290 1660 3365 ait,
1717 3290 1764 3347 si
1799 3288 2050 3368 quidem
2093 3308 2275 3351 nemo
2306 3291 2488 3354 facile
2521 3302 2757 3355 conten·

796 3395 959 3455 derit
983 3395 1048 3453 in
1073 3394 1144 3452 iis
1171 3392 1483 3472 particulis
1508 3393 1700 3451 inesse
1725 3392 1850 3451 vim
1881 3391 2209 3471 copulandi
2237 3412 2378 3454 cum
2411 3395 2751 3475 praeeedd„

796 3516 919 3578 qua
954 3515 1076 3556 una
1108 3513 1174 3555 se
1207 3501 1416 3554 tuetur
1452 3506 1526 3555 et.
1588 3493 1746 3554 Fieri
1775 3501 1979 3554 tamen
2009 3502 2202 3573 potest
2236 3504 2305 3556 ut
2337 3507 2394 3555 et
2429 3517 2465 3557 e
2491 3498 2757 3577 proximo

801 3611 949 3660 emt
1001 3606 1202 3659 ortum
1252 3598 1328 3656 sit
1375 3597 1441 3656 in
1491 3596 1716 3673 codd„
1776 3616 1978 3676 neque
2028 3597 2341 3659 intercedo
2392 3617 2519 3679 quo
2563 3603 2758 3661 minus

798 3701 1109 3774 delentur,
1149 3697 1332 3759 modo
1359 3718 1481 3758 non
1516 3698 1791 3758 eamdem
1820 3718 2065 3760 manere
2102 3701 2356 3761 formam
2386 3703 2759 3764 refutationis

798 3799 1217 3864 contendatur.
1298 3798 1514 3860 Contra
1544 3801 1987 3862 restituendum
2020 3814 2103 3880 et,
2143 3804 2488 3885 absorptum
2518 3815 2758 3886 propter

796 3903 1076 3987 praeced.
1126 3901 1412 3983 syllabam
1431 3948 1448 3979 ,
1501 3912 1651 3983 puto
1694 3903 1863 3965 Verr.
1902 3905 1931 3964 1
1951 3951 1969 3981 ,
2010 3905 2081 3981 9,
2123 3905 2236 3967 25:
2291 3928 2531 3969 oensem
2567 3913 2725 3969 onim
2739 3955 2757 3987 ,

800 4008 1029 4087 iuquit,
1069 4008 1349 4087 cognosci
1383 4017 1620 4085 oportet.
1702 4005 1800 4065 Ea
1830 4024 1893 4064 re
1927 4006 2197 4085 quidem,
2237 4007 2396 4087 quod
2425 4010 2605 4070 aliter
2630 4030 2761 4071 eon·

805 4110 1074 4170 demoveri
1104 4128 1238 4169 reus
1270 4141 1349 4155 -
1382 4128 1502 4168 aon
1525 4118 1758 4187 potest:
1799 4107 1916 4186 leg.
1962 4109 2046 4169 Et
2076 4130 2149 4169 ee
2180 4130 2260 4170 re.
2339 4112 2464 4172 Nec
2496 4113 2759 4192 incogni-
