3131 5032
705 441 838 507 264
1433 432 1576 506 [13.
1622 438 1692 508 Ι.
1750 442 1818 522 l,
1865 442 1930 505 2.

704 647 1011 727 appellare
1043 647 1243 726 coepit
1277 645 1515 706 Cicero:
1557 644 1717 705 conf.
1753 644 1879 704 Fin.
1915 642 2001 721 V,
2032 643 2103 718 2,
2136 644 2270 704 init.
2307 644 2385 704 ad
2421 644 2544 705 Au.
2568 644 2664 722 11,

702 751 771 826 9,
824 751 926 812 fin.
978 750 1072 825 11,
1124 750 1240 825 20,
1292 752 1361 809 5:
1414 768 1615 828 neque
1656 748 1721 807 in
1757 749 1879 807 illis
1911 747 2354 826 epistolis‘ante
2389 749 2528 811 libr.
2563 747 2675 825 vl,

705 855 923 915 utitur:
967 853 1077 929 Vl,
1120 853 1195 929 2,
1237 852 1318 929 8,
1359 871 1444 931 sq.
1477 852 1625 928 vll,
1669 852 1738 927 1,
1781 852 1838 912 4.

782 968 914 1016 sata
956 968 1042 1016 est
1084 959 1244 1015 enim
1292 953 1560 1037 ingenio)
1641 954 1807 1013 Nihil
1842 962 2003 1030 erat,
2044 953 2211 1033 quod
2244 954 2602 1014 auctoritate
2637 981 2675 1012 α

701 1068 763 1121 et
807 1060 881 1120 10
914 1067 1438 1138 transponeremus
1471 1060 1631 1115 enim
1665 1069 1768 1117 est.
1851 1058 2166 1133 Ceterum,
2211 1066 2279 1116 ut
2310 1079 2495 1117 serere
2528 1058 2675 1118 dici·

701 1169 803 1222 tur
835 1161 913 1220 de
943 1161 1275 1221 condendis
1304 1160 1538 1238 ingenii
1573 1159 2010 1234 monumentis,
2050 1159 2199 1241 (quo
2226 1168 2429 1219 tamen
2457 1159 2673 1220 referri

697 1264 925 1324 nollem
955 1284 990 1324 a
1016 1264 1482 1344 wyttenbachio
1510 1263 1673 1343 apud
1700 1264 2024 1338 Moserum,
2053 1264 2213 1323 Orat.
2244 1264 2334 1338 11,
2354 1264 2434 1324 65
2449 1310 2467 1339 ‚
2497 1264 2611 1326 261
2629 1262 2675 1343 ,)

697 1369 786 1429 ita
836 1367 954 1427 hoc
1005 1365 1139 1428 loco
1189 1387 1346 1427 nore
1399 1367 1627 1427 dicitur
1642 1413 1661 1442 ‚
1719 1375 1790 1425 ut
1836 1387 1909 1426 ex
1959 1367 2145 1426 Attici
2190 1368 2390 1426 verbis
2426 1376 2676 1447 apparet

698 1471 837 1553 (quo
901 1472 1133 1531 tandem
1170 1471 1362 1530 'modo
1374 1469 1430 1551 Ρ)
1488 1470 1568 1530 de
1628 1471 2197 1530 commemoratione
2253 1471 2498 1550 plantae
2567 1478 2674 1531 aut

699 1574 962 1649 arboris,
1020 1594 1204 1653 quam
1256 1574 1508 1653 scriptor
1555 1581 1663 1633 aut
1712 1581 1889 1651 poeta
1932 1573 2174 1633 fecerit:
2218 1575 2374 1633 sicut
2411 1575 2570 1634 Orat.
2610 1574 2670 1649 1,

697 1677 767 1753 7,
809 1675 920 1752 28,
963 1698 1112 1756 quae
1162 1676 1487 1758 (platanus,
1523 1677 1589 1734 in
1624 1674 1883 1736 Platonis
1923 1674 2219 1756 Phaedro)
2251 1677 2404 1735 mihi
2438 1677 2673 1736 videtur

694 1800 817 1839 nou
865 1791 987 1839 tam
1034 1783 1167 1860 ipsa
1218 1781 1438 1860 aquula
1456 1826 1473 1856 ,
1534 1800 1685 1858 quae
1744 1780 2128 1855 describitur,
2171 1801 2346 1859 quom
2390 1780 2670 1840 Platonis

696 1885 961 1943 orations
1018 1885 1285 1945 crevisse.
1368 1883 1501 1943 Non
1550 1882 1925 1942 dissimiliter
1972 1882 2082 1941 diu
2114 1891 2245 1961 post
2279 1883 2496 1943 Fronto
2529 1884 2669 1942 scri·

692 1986 812 2066 psit
865 1986 973 2065 Ep.
1026 1985 1156 2047 Vll.
1211 2006 1272 2065 p.
1341 1983 1481 2045 398.
1537 1985 1633 2045 ed.
1687 1984 1957 2060 Francf„
2014 1985 2189 2045 cuius
2259 1985 2379 2044 loci
2447 1992 2668 2065 postre-

693 2110 857 2150 mam
901 2089 1261 2168 particulam
1314 2088 1624 2167 ingeniose
1675 2096 1890 2148 tractat
1941 2088 2361 2149 Wordswortb
2409 2089 2475 2147 in
2512 2089 2670 2148 libro

695 2192 950 2272 Anglice
995 2193 1215 2272 scripto
1265 2192 1350 2253 Ile
1403 2191 1656 2252 Athenis
1693 2200 1755 2252 et
1794 2191 1991 2253 Attica
2026 2213 2086 2271 p.
2131 2192 2265 2253 165.
2351 2191 2629 2252 Ceterum
2651 2238 2668 2268 ,

694 2296 998 2356 diversum
1052 2304 1141 2357 est
1204 2296 1556 2371 Livianum,
1615 2294 1724 2353 vll
1745 2341 1763 2370 ,
1822 2296 1899 2372 2,
1957 2296 2031 2371 8,
2093 2308 2435 2377 argumento
2480 2297 2667 2377 fabu-

697 2402 815 2459 lam
865 2420 1083 2474 serere,
1122 2401 1347 2478 optime
1400 2398 1739 2476 expositum
1787 2398 1864 2458 ab
1915 2398 2163 2458 Ernesto
2213 2398 2291 2458 ad
2344 2399 2466 2460 Cic.
2508 2400 2666 2460 Coel.

697 2502 811 2579 27,
871 2503 969 2565 64.
1026 2538 1107 2549 —
1163 2503 1328 2578 Quae
1383 2524 1418 2564 e
1465 2501 1637 2562 libris
1708 2511 2157 2578 memorantur,
2215 2503 2442 2563 nullius
2510 2505 2670 2563 enim

695 2606 900 2688 (Paris.
936 2607 977 2665 C
1015 2603 1246 2686 Moser.)
1278 2614 1384 2666 aut
1419 2607 1646 2666 nullius
1656 2652 1676 2682 ,
1720 2605 1938 2666 omisso
1987 2617 2183 2666 autem
2201 2653 2218 2682 ,
2266 2607 2672 2686 negligentiae

693 2708 1011 2767 debentur.
1095 2708 1515 2789 Agricolas-um
1573 2708 1795 2767 cultum
1844 2708 2110 2787 appellat
2159 2729 2405 2789 quoque
2453 2708 2666 2788 Agrar.

693 2809 786 2887 11,
828 2810 935 2885 25,
979 2810 1079 2871 67.

772 2915 1099 2995 suffragari
1146 2911 1288 2996 tihi)
1378 2913 1431 2973 Ν
1433 2912 1689 2974 otandus
1739 2920 1829 2974 est
1882 2914 2245 2975 Goerenzius
2261 2961 2279 2990 ,
2339 2915 2450 2994 qui
2492 2916 2670 2976 docet

692 3020 1019 3099 suffragari
1070 3017 1346 3077 laudibus
1400 3019 1663 3078 alicuius
1716 3017 1838 3077 dici
1857 3064 1876 3094 ,
1935 3038 2126 3097 quum
2182 3018 2433 3079 deberet
2482 3019 2667 3079 laudi.

695 3121 987 3181 Lentulus
1029 3121 1108 3181 ad
1162 3122 1513 3182 Ciceronem
1564 3120 1670 3201 Ep.
1724 3121 1873 3197 XII,
1920 3121 2032 3197 14,
2077 3121 2140 3182 4:
2184 3123 2360 3181 velim
2395 3156 2474 3167 —
2509 3133 2566 3182 et
2600 3124 2669 3181 in

692 3236 903 3285 senatu
951 3235 1008 3283 et
1056 3226 1264 3284 ceteris
1317 3225 1487 3283 rebus
1524 3224 1693 3284 laudi
1723 3234 1954 3284 nostrae
1990 3225 2330 3306 suffragor-e.
2414 3223 2668 3284 Plancus

694 3329 800 3409 Ep.
834 3328 916 3403 X,
958 3328 1032 3402 7,
1072 3327 1137 3387 2:
1175 3337 1313 3407 peto
1360 3338 1427 3386 ut
1469 3328 1761 3409 dignitati
1802 3349 1961 3387 meae
1997 3325 2362 3409 suffrageris.
2446 3327 2669 3386 Eadem

694 3431 988 3492 sententia
1037 3431 1162 3508 ipse
1214 3430 1423 3490 Cicero
1460 3429 1608 3491 ibid.
1645 3430 1708 3504 1,
1752 3431 1825 3507 7,
1868 3430 1942 3491 8:
1984 3442 2216 3490 nostrae
2255 3431 2424 3490 laudi
2459 3431 2667 3512 digni·-

694 3536 919 3612 tatique
953 3535 1204 3614 favisti.
1285 3531 1357 3591 Et
1407 3533 1560 3612 quid
1612 3534 1771 3593 inter
1806 3535 2037 3594 laudem
2071 3540 2133 3593 et
2167 3534 2368 3593 laudes
2396 3533 2664 3608 intersit,

695 3636 1074 3714 intelligetur
1113 3657 1170 3697 v.
1212 3654 1267 3696 c.
1308 3655 1384 3695 ex
1425 3635 1529 3715 Ep.
1573 3636 1702 3713 XV,
1746 3635 1818 3712 4,
1862 3637 1956 3697 11.

772 3739 815 3822 §
850 3739 909 3801 2.
991 3742 1074 3799 sit
1101 3742 1193 3800 ita
1221 3737 1389 3819 sane)
1449 3740 1716 3800 Eleorum
1744 3759 2016 3820 quoque,
2045 3746 2114 3799 ut
2137 3741 2458 3820 plerosque
2488 3740 2664 3815 alios,

690 3843 990 3905 librorum
1024 3862 1307 3922 magnam
1335 3852 1570 3922 partem
1601 3852 1997 3923 occupaverat
2027 3845 2306 3904 vitiosum
2335 3844 2663 3919 emblema,

689 3950 772 4008 sit
821 3951 912 4008 ita
959 3969 1102 4007 saue
1148 3968 1349 4007 verum
1386 3959 1800 4008 verumtamen.
1886 3948 1966 4006 At
1997 3968 2122 4008 non
2156 3948 2387 4027 ubique
2419 3947 2664 4008 adiecti·

689 4071 836 4110 vum
870 4052 987 4111 boo
1024 4050 1415 4111 resecandum
1454 4071 1607 4127 esse,
1648 4050 1827 4110 docet
1861 4050 2026 4110 locus
2060 4050 2357 4125 Aead.11,
2392 4051 2492 4111 38.
2526 4051 2663 4112 init.

686 4154 794 4213 ubi
822 4176 942 4215 non
969 4155 1415 4216 sollicitandum
1447 4164 1563 4228 est,
1591 4158 1714 4215 sint
1743 4157 1862 4215 istu
1894 4176 2049 4216 vera.
2094 4154 2231 4216 Alio
2255 4154 2662 4216 additamento
