<?xml version="1.0" encoding="UTF-8"?>
<!DOCTYPE html PUBLIC "-//W3C//DTD XHTML 1.0 Transitional//EN"
    "http://www.w3.org/TR/xhtml1/DTD/xhtml1-transitional.dtd">
<html xmlns="http://www.w3.org/1999/xhtml" xml:lang="en" lang="en">
 <head>
  <title>
</title>
<meta http-equiv="Content-Type" content="text/html;charset=utf-8" />
  <meta name='ocr-system' content='tesseract 3.04.00' />
  <meta name='ocr-capabilities' content='ocr_page ocr_carea ocr_par ocr_line ocrx_word'/>
</head>
<body>
  <div class='ocr_page' id='page_1' title='image "./mtulliiciceroni02bakegoog_0674.png"; bbox 0 0 3131 5032; ppageno 0'>
   <div class='ocr_carea' id='block_1_1' title="bbox 1113 424 2401 509">
    <p class='ocr_par' dir='ltr' id='par_1_1' title="bbox 1113 424 2401 509">
     <span class='ocr_line' id='line_1_1' title="bbox 1113 424 2401 509; baseline 0 -18"><span class='ocrx_word' id='word_1_1' title='bbox 1113 425 1254 491; x_wconf 77' lang='lat' dir='ltr'><strong>Lm.</strong></span> <span class='ocrx_word' id='word_1_2' title='bbox 1303 424 1436 509; x_wconf 86' lang='lat'><strong>111,</strong></span> <span class='ocrx_word' id='word_1_3' title='bbox 1489 431 1564 508; x_wconf 88' lang='grc'><strong>8,</strong></span> <span class='ocrx_word' id='word_1_4' title='bbox 1624 430 1729 490; x_wconf 86' lang='grc'><strong>18.</strong></span> <span class='ocrx_word' id='word_1_5' title='bbox 2273 428 2401 491; x_wconf 84' lang='grc'><strong>605</strong></span> 
     </span>
    </p>
   </div>
   <div class='ocr_carea' id='block_1_2' title="bbox 403 630 2411 4196">
    <p class='ocr_par' dir='ltr' id='par_1_2' title="bbox 403 630 2411 4196">
     <span class='ocr_line' id='line_1_2' title="bbox 434 630 2405 715; baseline -0.002 -19"><span class='ocrx_word' id='word_1_6' title='bbox 434 655 496 715; x_wconf 89' lang='lat' dir='ltr'><strong>p.</strong></span> <span class='ocrx_word' id='word_1_7' title='bbox 554 634 648 696; x_wconf 81' lang='lat'><strong>14.</strong></span> <span class='ocrx_word' id='word_1_8' title='bbox 701 632 862 694; x_wconf 77' lang='lat' dir='ltr'><strong>Edit.</strong></span> <span class='ocrx_word' id='word_1_9' title='bbox 911 631 1187 692; x_wconf 87' lang='lat' dir='ltr'><strong>Garaton.</strong></span> <span class='ocrx_word' id='word_1_10' title='bbox 1244 631 1428 693; x_wconf 86' lang='lat' dir='ltr'><strong>Orell.</strong></span> <span class='ocrx_word' id='word_1_11' title='bbox 1512 631 1599 691; x_wconf 87' lang='lat' dir='ltr'><strong>De</strong></span> <span class='ocrx_word' id='word_1_12' title='bbox 1632 631 1925 710; x_wconf 80' lang='lat' dir='ltr'><strong>exemplis</strong></span> <span class='ocrx_word' id='word_1_13' title='bbox 1962 639 2033 691; x_wconf 88' lang='lat' dir='ltr'><strong>ut</strong></span> <span class='ocrx_word' id='word_1_14' title='bbox 2061 630 2405 708; x_wconf 82' lang='lat' dir='ltr'><strong>videamus,</strong></span> 
     </span>
     <span class='ocr_line' id='line_1_3' title="bbox 434 733 2411 816; baseline -0.002 -18"><span class='ocrx_word' id='word_1_15' title='bbox 434 737 670 800; x_wconf 88' lang='lat' dir='ltr'><strong>dnobus</strong></span> <span class='ocrx_word' id='word_1_16' title='bbox 701 738 850 796; x_wconf 89' lang='lat' dir='ltr'><strong>locis</strong></span> <span class='ocrx_word' id='word_1_17' title='bbox 875 735 1233 795; x_wconf 79' lang='lat' dir='ltr'><strong>Plancianae</strong></span> <span class='ocrx_word' id='word_1_18' title='bbox 1260 734 1364 816; x_wconf 87' lang='lat'><strong>(2,</strong></span> <span class='ocrx_word' id='word_1_19' title='bbox 1389 735 1427 794; x_wconf 84' lang='lat'><strong>4</strong></span> <span class='ocrx_word' id='word_1_20' title='bbox 1462 743 1525 794; x_wconf 86' lang='lat' dir='ltr'><strong>et</strong></span> <span class='ocrx_word' id='word_1_21' title='bbox 1557 735 1596 794; x_wconf 79' lang='lat'><strong><em>3</em></strong></span> <span class='ocrx_word' id='word_1_22' title='bbox 1616 780 1635 810; x_wconf 90' lang='lat'><strong>,</strong></span> <span class='ocrx_word' id='word_1_23' title='bbox 1666 733 1733 814; x_wconf 84' lang='lat'><strong>8)</strong></span> <span class='ocrx_word' id='word_1_24' title='bbox 1768 734 2175 795; x_wconf 79' lang='lat' dir='ltr'><strong>Indicativum</strong></span> <span class='ocrx_word' id='word_1_25' title='bbox 2211 735 2411 795; x_wconf 85' lang='lat' dir='ltr'><strong>rectis-</strong></span> 
     </span>
     <span class='ocr_line' id='line_1_4' title="bbox 431 837 2410 914; baseline 0 -14"><span class='ocrx_word' id='word_1_26' title='bbox 431 842 582 901; x_wconf 86' lang='lat' dir='ltr'><strong>sime</strong></span> <span class='ocrx_word' id='word_1_27' title='bbox 615 840 879 900; x_wconf 88' lang='lat' dir='ltr'><strong>restituit</strong></span> <span class='ocrx_word' id='word_1_28' title='bbox 910 838 1265 899; x_wconf 84' lang='lat' dir='ltr'><strong>auctoritate</strong></span> <span class='ocrx_word' id='word_1_29' title='bbox 1301 838 1603 898; x_wconf 83' lang='lat' dir='ltr'><strong>librorum</strong></span> <span class='ocrx_word' id='word_1_30' title='bbox 1647 838 1930 899; x_wconf 85' lang='lat' dir='ltr'><strong>Orellius.</strong></span> <span class='ocrx_word' id='word_1_31' title='bbox 1970 839 2138 900; x_wconf 87' lang='lat' dir='ltr'><strong>Tusc.</strong></span> <span class='ocrx_word' id='word_1_32' title='bbox 2173 837 2220 895; x_wconf 83' lang='lat' dir='ltr'><strong>V</strong></span> <span class='ocrx_word' id='word_1_33' title='bbox 2239 883 2257 913; x_wconf 92' lang='lat'>‚</span> <span class='ocrx_word' id='word_1_34' title='bbox 2299 838 2410 914; x_wconf 86' lang='lat'><strong>30,</strong></span> 
     </span>
     <span class='ocr_line' id='line_1_5' title="bbox 431 942 2408 1022; baseline -0.002 -18"><span class='ocrx_word' id='word_1_35' title='bbox 431 943 531 1004; x_wconf 85' lang='lat'><strong>85.</strong></span> <span class='ocrx_word' id='word_1_36' title='bbox 580 943 685 1004; x_wconf 84' lang='lat' dir='ltr'><strong>fin.</strong></span> <span class='ocrx_word' id='word_1_37' title='bbox 741 962 1094 1022; x_wconf 74' lang='lat' dir='ltr'><strong>quamquam</strong></span> <span class='ocrx_word' id='word_1_38' title='bbox 1145 973 1227 987; x_wconf 92' lang='lat'><em>-</em></span> <span class='ocrx_word' id='word_1_39' title='bbox 1276 944 1402 1001; x_wconf 69' lang='lat' dir='ltr'><strong>sint</strong></span> <span class='ocrx_word' id='word_1_40' title='bbox 1452 942 1519 1001; x_wconf 92' lang='lat' dir='ltr'><strong>in</strong></span> <span class='ocrx_word' id='word_1_41' title='bbox 1570 942 1869 1003; x_wconf 85' lang='lat' dir='ltr'><strong>sententia</strong></span> <span class='ocrx_word' id='word_1_42' title='bbox 1917 942 2232 1021; x_wconf 86' lang='lat' dir='ltr'><strong>potentiali</strong></span> <span class='ocrx_word' id='word_1_43' title='bbox 2284 950 2408 1017; x_wconf 89' lang='lat' dir='ltr'><strong>est,</strong></span> 
     </span>
     <span class='ocr_line' id='line_1_6' title="bbox 429 1043 2410 1124; baseline -0.002 -19"><span class='ocrx_word' id='word_1_44' title='bbox 429 1045 906 1124; x_wconf 73' lang='lat' dir='ltr'><strong>concediturque</strong></span> <span class='ocrx_word' id='word_1_45' title='bbox 955 1043 1134 1103; x_wconf 80' lang='lat' dir='ltr'><strong>»fieri</strong></span> <span class='ocrx_word' id='word_1_46' title='bbox 1182 1047 1411 1122; x_wconf 85' lang='lat' dir='ltr'><strong>posse.&#39;’</strong></span> <span class='ocrx_word' id='word_1_47' title='bbox 1512 1044 1675 1105; x_wconf 85' lang='lat' dir='ltr'><strong>Orat.</strong></span> <span class='ocrx_word' id='word_1_48' title='bbox 1724 1044 1855 1120; x_wconf 87' lang='lat'><strong>111,</strong></span> <span class='ocrx_word' id='word_1_49' title='bbox 1911 1045 1985 1120; x_wconf 87' lang='grc'><strong>7,</strong></span> <span class='ocrx_word' id='word_1_50' title='bbox 2035 1044 2152 1119; x_wconf 88' lang='lat'><strong>27,</strong></span> <span class='ocrx_word' id='word_1_51' title='bbox 2194 1064 2410 1123; x_wconf 77' lang='lat' dir='ltr'><strong>quam-</strong></span> 
     </span>
     <span class='ocr_line' id='line_1_7' title="bbox 428 1146 2408 1229; baseline -0.001 -20"><span class='ocrx_word' id='word_1_52' title='bbox 428 1170 605 1229; x_wconf 72' lang='lat' dir='ltr'><strong>quam</strong></span> <span class='ocrx_word' id='word_1_53' title='bbox 655 1183 736 1196; x_wconf 92' lang='lat'><strong>—-</strong></span> <span class='ocrx_word' id='word_1_54' title='bbox 792 1149 1118 1220; x_wconf 69' lang='lat' dir='ltr'><strong>tribuatur,</strong></span> <span class='ocrx_word' id='word_1_55' title='bbox 1168 1146 1395 1207; x_wconf 83' lang='lat' dir='ltr'><strong>dicitur</strong></span> <span class='ocrx_word' id='word_1_56' title='bbox 1439 1147 1502 1207; x_wconf 85' lang='lat' dir='ltr'><strong>in</strong></span> <span class='ocrx_word' id='word_1_57' title='bbox 1543 1148 1816 1208; x_wconf 84' lang='lat' dir='ltr'><strong>oratione</strong></span> <span class='ocrx_word' id='word_1_58' title='bbox 1864 1165 2167 1225; x_wconf 86' lang='lat' dir='ltr'><strong>suspensa.</strong></span> <span class='ocrx_word' id='word_1_59' title='bbox 2248 1146 2408 1207; x_wconf 82' lang='lat' dir='ltr'><strong>Haec</strong></span> 
     </span>
     <span class='ocr_line' id='line_1_8' title="bbox 427 1248 2404 1328; baseline -0.002 -16"><span class='ocrx_word' id='word_1_60' title='bbox 427 1251 737 1312; x_wconf 78' lang='lat' dir='ltr'><strong>Goerenzii</strong></span> <span class='ocrx_word' id='word_1_61' title='bbox 769 1258 944 1310; x_wconf 88' lang='lat' dir='ltr'><strong>sunt:</strong></span> <span class='ocrx_word' id='word_1_62' title='bbox 986 1250 1261 1328; x_wconf 86' lang='lat' dir='ltr'><strong>sequitur</strong></span> <span class='ocrx_word' id='word_1_63' title='bbox 1291 1249 1581 1309; x_wconf 90' lang='lat' dir='ltr'><strong>Ellendtii</strong></span> <span class='ocrx_word' id='word_1_64' title='bbox 1617 1249 1943 1327; x_wconf 87' lang='lat' dir='ltr'><strong>disputatio</strong></span> <span class='ocrx_word' id='word_1_65' title='bbox 1978 1249 2056 1309; x_wconf 86' lang='lat' dir='ltr'><strong>ad</strong></span> <span class='ocrx_word' id='word_1_66' title='bbox 2090 1248 2257 1309; x_wconf 85' lang='lat' dir='ltr'><strong>Brut.</strong></span> <span class='ocrx_word' id='word_1_67' title='bbox 2291 1248 2404 1323; x_wconf 85' lang='grc'><strong>30,</strong></span> 
     </span>
     <span class='ocr_line' id='line_1_9' title="bbox 433 1351 2405 1432; baseline -0.002 -18"><span class='ocrx_word' id='word_1_68' title='bbox 433 1354 576 1429; x_wconf 89' lang='grc'>115,</span> <span class='ocrx_word' id='word_1_69' title='bbox 610 1355 787 1414; x_wconf 85' lang='lat' dir='ltr'><strong>cuius</strong></span> <span class='ocrx_word' id='word_1_70' title='bbox 809 1351 1214 1430; x_wconf 78' lang='lat' dir='ltr'><strong>explorandae</strong></span> <span class='ocrx_word' id='word_1_71' title='bbox 1241 1352 1478 1411; x_wconf 80' lang='lat' dir='ltr'><strong>veniam</strong></span> <span class='ocrx_word' id='word_1_72' title='bbox 1509 1352 1664 1412; x_wconf 87' lang='lat' dir='ltr'><strong>mihi</strong></span> <span class='ocrx_word' id='word_1_73' title='bbox 1691 1352 1944 1413; x_wconf 87' lang='lat' dir='ltr'><strong>concedi</strong></span> <span class='ocrx_word' id='word_1_74' title='bbox 1977 1372 2170 1432; x_wconf 85' lang='lat' dir='ltr'><strong>spero.</strong></span> <span class='ocrx_word' id='word_1_75' title='bbox 2252 1351 2405 1411; x_wconf 87' lang='lat' dir='ltr'><strong>Nam</strong></span> 
     </span>
     <span class='ocr_line' id='line_1_10' title="bbox 426 1453 2401 1533; baseline 0 -20"><span class='ocrx_word' id='word_1_76' title='bbox 426 1455 552 1515; x_wconf 78' lang='lat' dir='ltr'><strong>Fin.</strong></span> <span class='ocrx_word' id='word_1_77' title='bbox 619 1455 749 1530; x_wconf 90' lang='lat'><strong>111,</strong></span> <span class='ocrx_word' id='word_1_78' title='bbox 810 1454 923 1530; x_wconf 88' lang='lat'><strong>11,</strong></span> <span class='ocrx_word' id='word_1_79' title='bbox 981 1454 1095 1530; x_wconf 84' lang='grc'><strong>36,</strong></span> <span class='ocrx_word' id='word_1_80' title='bbox 1154 1453 1503 1514; x_wconf 75' lang='lat' dir='ltr'><strong>mendosam</strong></span> <span class='ocrx_word' id='word_1_81' title='bbox 1567 1454 1930 1530; x_wconf 85' lang='lat' dir='ltr'><strong>lectionem,</strong></span> <span class='ocrx_word' id='word_1_82' title='bbox 2007 1474 2401 1533; x_wconf 77' lang='lat' dir='ltr'><strong>quamquam,</strong></span> 
     </span>
     <span class='ocr_line' id='line_1_11' title="bbox 423 1554 2401 1635; baseline -0.001 -19"><span class='ocrx_word' id='word_1_83' title='bbox 423 1557 665 1617; x_wconf 75' lang='lat' dir='ltr'><strong>sustulit</strong></span> <span class='ocrx_word' id='word_1_84' title='bbox 717 1556 1061 1635; x_wconf 69' lang='lat' dir='ltr'><strong>Madvigius.</strong></span> <span class='ocrx_word' id='word_1_85' title='bbox 1161 1554 1324 1616; x_wconf 76' lang='lat' dir='ltr'><strong>ome.</strong></span> <span class='ocrx_word' id='word_1_86' title='bbox 1379 1556 1444 1629; x_wconf 92' lang='lat'><strong>1,</strong></span> <span class='ocrx_word' id='word_1_87' title='bbox 1503 1556 1542 1615; x_wconf 88' lang='grc'><strong>2</strong></span> <span class='ocrx_word' id='word_1_88' title='bbox 1567 1601 1584 1631; x_wconf 87' lang='grc'>,</span> <span class='ocrx_word' id='word_1_89' title='bbox 1643 1557 1715 1632; x_wconf 89' lang='grc'><strong>6,</strong></span> <span class='ocrx_word' id='word_1_90' title='bbox 1773 1556 2104 1616; x_wconf 75' lang='lat' dir='ltr'><strong>rectissime</strong></span> <span class='ocrx_word' id='word_1_91' title='bbox 2140 1555 2401 1615; x_wconf 86' lang='lat' dir='ltr'><strong>Orellius</strong></span> 
     </span>
     <span class='ocr_line' id='line_1_12' title="bbox 423 1658 2401 1737; baseline 0.001 -19"><span class='ocrx_word' id='word_1_92' title='bbox 423 1670 561 1718; x_wconf 70' lang='lat' dir='ltr'><strong>sune</strong></span> <span class='ocrx_word' id='word_1_93' title='bbox 612 1659 843 1733; x_wconf 88' lang='lat' dir='ltr'><strong>edidit,</strong></span> <span class='ocrx_word' id='word_1_94' title='bbox 901 1677 1104 1737; x_wconf 85' lang='lat' dir='ltr'><strong>neque</strong></span> <span class='ocrx_word' id='word_1_95' title='bbox 1153 1658 1392 1718; x_wconf 82' lang='lat' dir='ltr'><strong>curavit</strong></span> <span class='ocrx_word' id='word_1_96' title='bbox 1443 1659 1661 1718; x_wconf 78' lang='lat' dir='ltr'><strong>miram</strong></span> <span class='ocrx_word' id='word_1_97' title='bbox 1718 1658 2071 1736; x_wconf 73' lang='lat' dir='ltr'><strong>Heusingeri</strong></span> <span class='ocrx_word' id='word_1_98' title='bbox 2105 1658 2168 1716; x_wconf 93' lang='lat' dir='ltr'><strong>in</strong></span> <span class='ocrx_word' id='word_1_99' title='bbox 2208 1675 2401 1736; x_wconf 81' lang='lat' dir='ltr'><strong>quac-</strong></span> 
     </span>
     <span class='ocr_line' id='line_1_13' title="bbox 422 1760 2399 1843; baseline 0 -23"><span class='ocrx_word' id='word_1_100' title='bbox 422 1762 615 1823; x_wconf 78' lang='lat' dir='ltr'><strong>stione</strong></span> <span class='ocrx_word' id='word_1_101' title='bbox 663 1761 989 1843; x_wconf 73' lang='lat' dir='ltr'><strong>syntaetica</strong></span> <span class='ocrx_word' id='word_1_102' title='bbox 1039 1760 1627 1821; x_wconf 86' lang='lat' dir='ltr'><strong>commendationem</strong></span> <span class='ocrx_word' id='word_1_103' title='bbox 1649 1807 1669 1836; x_wconf 91' lang='lat'><em>‚</em></span> <span class='ocrx_word' id='word_1_104' title='bbox 1728 1787 1756 1818; x_wconf 78' lang='lat' dir='ltr'><strong>n</strong></span> <span class='ocrx_word' id='word_1_105' title='bbox 1774 1780 2128 1841; x_wconf 71' lang='lat' dir='ltr'><strong>quamquam</strong></span> <span class='ocrx_word' id='word_1_106' title='bbox 2173 1760 2399 1820; x_wconf 79' lang='lat' dir='ltr'><strong>blande</strong></span> 
     </span>
     <span class='ocr_line' id='line_1_14' title="bbox 423 1861 2399 1945; baseline 0.001 -24"><span class='ocrx_word' id='word_1_107' title='bbox 423 1866 747 1945; x_wconf 81' lang='lat' dir='ltr'><strong>»recipere</strong></span> <span class='ocrx_word' id='word_1_108' title='bbox 794 1863 1324 1923; x_wconf 77' lang='lat' dir='ltr'><strong>Coniunctivum.”</strong></span> <span class='ocrx_word' id='word_1_109' title='bbox 1405 1861 1500 1922; x_wconf 86' lang='lat' dir='ltr'><strong>Ad</strong></span> <span class='ocrx_word' id='word_1_110' title='bbox 1534 1862 1666 1923; x_wconf 81' lang='lat' dir='ltr'><strong>niv.</strong></span> <span class='ocrx_word' id='word_1_111' title='bbox 1702 1864 1769 1939; x_wconf 92' lang='lat'><strong>1,</strong></span> <span class='ocrx_word' id='word_1_112' title='bbox 1810 1863 1885 1938; x_wconf 89' lang='lat'><strong>2,</strong></span> <span class='ocrx_word' id='word_1_113' title='bbox 1927 1863 2002 1937; x_wconf 87' lang='lat'><strong>2,</strong></span> <span class='ocrx_word' id='word_1_114' title='bbox 2045 1863 2399 1923; x_wconf 88' lang='lat' dir='ltr'><strong>Coniuncti-</strong></span> 
     </span>
     <span class='ocr_line' id='line_1_15' title="bbox 422 1966 2397 2047; baseline -0.002 -19"><span class='ocrx_word' id='word_1_115' title='bbox 422 1986 533 2027; x_wconf 78' lang='lat' dir='ltr'><strong>vus</strong></span> <span class='ocrx_word' id='word_1_116' title='bbox 566 1977 651 2028; x_wconf 84' lang='lat' dir='ltr'><strong>est</strong></span> <span class='ocrx_word' id='word_1_117' title='bbox 689 1976 937 2047; x_wconf 88' lang='lat' dir='ltr'><strong>propter</strong></span> <span class='ocrx_word' id='word_1_118' title='bbox 968 1967 1301 2026; x_wconf 82' lang='lat' dir='ltr'><strong>orationem</strong></span> <span class='ocrx_word' id='word_1_119' title='bbox 1333 1985 1699 2045; x_wconf 71' lang='lat' dir='ltr'><strong>suspensam.</strong></span> <span class='ocrx_word' id='word_1_120' title='bbox 1782 1966 1932 2025; x_wconf 85' lang='lat' dir='ltr'><strong>Tum</strong></span> <span class='ocrx_word' id='word_1_121' title='bbox 1961 1966 2186 2044; x_wconf 79' lang='lat' dir='ltr'><strong>duplex</strong></span> <span class='ocrx_word' id='word_1_122' title='bbox 2227 1966 2397 2042; x_wconf 86' lang='lat' dir='ltr'><strong>ponit</strong></span> 
     </span>
     <span class='ocr_line' id='line_1_16' title="bbox 423 2067 2395 2149; baseline -0.001 -20"><span class='ocrx_word' id='word_1_123' title='bbox 423 2088 546 2129; x_wconf 85' lang='lat' dir='ltr'><strong>esse</strong></span> <span class='ocrx_word' id='word_1_124' title='bbox 592 2089 784 2149; x_wconf 72' lang='lat' dir='ltr'><strong>genus</strong></span> <span class='ocrx_word' id='word_1_125' title='bbox 826 2069 1100 2129; x_wconf 84' lang='lat' dir='ltr'><strong>locorum</strong></span> <span class='ocrx_word' id='word_1_126' title='bbox 1152 2069 1216 2127; x_wconf 91' lang='lat' dir='ltr'><strong>in</strong></span> <span class='ocrx_word' id='word_1_127' title='bbox 1265 2068 1491 2147; x_wconf 87' lang='lat' dir='ltr'><strong>quibus</strong></span> <span class='ocrx_word' id='word_1_128' title='bbox 1542 2067 1699 2128; x_wconf 85' lang='lat' dir='ltr'><strong>iuste</strong></span> <span class='ocrx_word' id='word_1_129' title='bbox 1735 2068 2165 2129; x_wconf 81' lang='lat' dir='ltr'><strong>Coniunctivus</strong></span> <span class='ocrx_word' id='word_1_130' title='bbox 2200 2068 2395 2129; x_wconf 87' lang='lat' dir='ltr'><strong>subii-</strong></span> 
     </span>
     <span class='ocr_line' id='line_1_17' title="bbox 418 2169 2389 2251; baseline -0.001 -20"><span class='ocrx_word' id='word_1_131' title='bbox 418 2171 616 2232; x_wconf 82' lang='lat' dir='ltr'><strong>ciatur</strong></span> <span class='ocrx_word' id='word_1_132' title='bbox 666 2173 832 2232; x_wconf 90' lang='lat' dir='ltr'><strong>Coni.</strong></span> <span class='ocrx_word' id='word_1_133' title='bbox 884 2191 1275 2251; x_wconf 71' lang='lat' dir='ltr'><strong>quamquam.-</strong></span> <span class='ocrx_word' id='word_1_134' title='bbox 1333 2169 1606 2248; x_wconf 86' lang='lat' dir='ltr'><strong>primum</strong></span> <span class='ocrx_word' id='word_1_135' title='bbox 1659 2190 1855 2249; x_wconf 87' lang='lat' dir='ltr'><strong>quum</strong></span> <span class='ocrx_word' id='word_1_136' title='bbox 1902 2171 2211 2249; x_wconf 74' lang='lat' dir='ltr'><strong>eleganter</strong></span> <span class='ocrx_word' id='word_1_137' title='bbox 2250 2190 2389 2232; x_wconf 81' lang='lat' dir='ltr'><strong>con·</strong></span> 
     </span>
     <span class='ocr_line' id='line_1_18' title="bbox 419 2271 2390 2352; baseline 0.001 -20"><span class='ocrx_word' id='word_1_138' title='bbox 419 2273 674 2332; x_wconf 81' lang='lat' dir='ltr'><strong>cedatur</strong></span> <span class='ocrx_word' id='word_1_139' title='bbox 694 2318 713 2347; x_wconf 91' lang='lat'><em>‚</em></span> <span class='ocrx_word' id='word_1_140' title='bbox 751 2281 858 2331; x_wconf 88' lang='lat' dir='ltr'><strong>aut</strong></span> <span class='ocrx_word' id='word_1_141' title='bbox 899 2271 1164 2332; x_wconf 86' lang='lat' dir='ltr'><strong>modeste</strong></span> <span class='ocrx_word' id='word_1_142' title='bbox 1209 2271 1695 2331; x_wconf 76' lang='lat' dir='ltr'><strong>contradicatur:</strong></span> <span class='ocrx_word' id='word_1_143' title='bbox 1738 2271 1879 2346; x_wconf 82' lang='lat' dir='ltr'><strong>sed,</strong></span> <span class='ocrx_word' id='word_1_144' title='bbox 1920 2293 2080 2352; x_wconf 87' lang='lat' dir='ltr'><strong>quae</strong></span> <span class='ocrx_word' id='word_1_145' title='bbox 2113 2274 2390 2352; x_wconf 78' lang='lat' dir='ltr'><strong>exempla</strong></span> 
     </span>
     <span class='ocr_line' id='line_1_19' title="bbox 419 2371 2389 2451; baseline 0.001 -18"><span class='ocrx_word' id='word_1_146' title='bbox 419 2376 761 2434; x_wconf 75' lang='lat' dir='ltr'><strong>excitantur</strong></span> <span class='ocrx_word' id='word_1_147' title='bbox 811 2392 848 2432; x_wconf 89' lang='lat' dir='ltr'><strong>a</strong></span> <span class='ocrx_word' id='word_1_148' title='bbox 900 2371 1368 2451; x_wconf 73' lang='lat' dir='ltr'><strong>wyttenbachio</strong></span> <span class='ocrx_word' id='word_1_149' title='bbox 1415 2372 1570 2432; x_wconf 89' lang='lat' dir='ltr'><strong>Bibl.</strong></span> <span class='ocrx_word' id='word_1_150' title='bbox 1609 2373 1752 2433; x_wconf 87' lang='lat' dir='ltr'><strong>Crit.</strong></span> <span class='ocrx_word' id='word_1_151' title='bbox 1786 2373 1898 2434; x_wconf 91' lang='lat'><em>111.</em></span> <span class='ocrx_word' id='word_1_152' title='bbox 1934 2392 1993 2451; x_wconf 90' lang='lat' dir='ltr'><strong>p.</strong></span> <span class='ocrx_word' id='word_1_153' title='bbox 2027 2374 2145 2449; x_wconf 86' lang='lat'><strong>25,</strong></span> <span class='ocrx_word' id='word_1_154' title='bbox 2184 2376 2389 2436; x_wconf 89' lang='lat' dir='ltr'><strong>omnia</strong></span> 
     </span>
     <span class='ocr_line' id='line_1_20' title="bbox 418 2473 2390 2554; baseline -0.001 -16"><span class='ocrx_word' id='word_1_155' title='bbox 418 2476 746 2538; x_wconf 81' lang='lat' dir='ltr'><strong>rectissime</strong></span> <span class='ocrx_word' id='word_1_156' title='bbox 803 2474 1209 2536; x_wconf 78' lang='lat' dir='ltr'><strong>lndieativum</strong></span> <span class='ocrx_word' id='word_1_157' title='bbox 1264 2473 1491 2534; x_wconf 87' lang='lat' dir='ltr'><strong>habent</strong></span> <span class='ocrx_word' id='word_1_158' title='bbox 1509 2520 1528 2549; x_wconf 92' lang='lat'><strong>,</strong></span> <span class='ocrx_word' id='word_1_159' title='bbox 1583 2482 1689 2551; x_wconf 85' lang='lat' dir='ltr'><strong>ut,</strong></span> <span class='ocrx_word' id='word_1_160' title='bbox 1738 2494 1864 2554; x_wconf 89' lang='lat' dir='ltr'><strong>quo</strong></span> <span class='ocrx_word' id='word_1_161' title='bbox 1907 2477 2158 2537; x_wconf 87' lang='lat' dir='ltr'><strong>consilio</strong></span> <span class='ocrx_word' id='word_1_162' title='bbox 2191 2496 2266 2537; x_wconf 91' lang='lat' dir='ltr'><strong>eo</strong></span> <span class='ocrx_word' id='word_1_163' title='bbox 2301 2494 2390 2537; x_wconf 85' lang='lat' dir='ltr'><strong>re·</strong></span> 
     </span>
     <span class='ocr_line' id='line_1_21' title="bbox 419 2578 2388 2659; baseline -0.001 -19"><span class='ocrx_word' id='word_1_164' title='bbox 419 2582 766 2653; x_wconf 84' lang='lat' dir='ltr'><strong>mittamur,</strong></span> <span class='ocrx_word' id='word_1_165' title='bbox 823 2581 1008 2659; x_wconf 88' lang='lat' dir='ltr'><strong>plane</strong></span> <span class='ocrx_word' id='word_1_166' title='bbox 1060 2597 1183 2638; x_wconf 91' lang='lat' dir='ltr'><strong>non</strong></span> <span class='ocrx_word' id='word_1_167' title='bbox 1232 2578 1626 2655; x_wconf 71' lang='lat' dir='ltr'><strong>intelligatur.</strong></span> <span class='ocrx_word' id='word_1_168' title='bbox 1717 2578 1979 2643; x_wconf 87' lang='lat' dir='ltr'><strong>Subiicit</strong></span> <span class='ocrx_word' id='word_1_169' title='bbox 2022 2578 2388 2656; x_wconf 87' lang='lat' dir='ltr'><strong>Ellendtins,</strong></span> 
     </span>
     <span class='ocr_line' id='line_1_22' title="bbox 418 2677 2387 2764; baseline -0.001 -21"><span class='ocrx_word' id='word_1_170' title='bbox 418 2710 450 2743; x_wconf 71' lang='grc' dir='ltr'><strong><em>κ</em></strong></span> <span class='ocrx_word' id='word_1_171' title='bbox 469 2705 539 2745; x_wconf 82' lang='lat' dir='ltr'><strong>ea</strong></span> <span class='ocrx_word' id='word_1_172' title='bbox 607 2690 897 2764; x_wconf 83' lang='lat' dir='ltr'><strong>potestate</strong></span> <span class='ocrx_word' id='word_1_173' title='bbox 949 2679 1278 2761; x_wconf 73' lang='lat' dir='ltr'><strong>(eleganter</strong></span> <span class='ocrx_word' id='word_1_174' title='bbox 1342 2677 1744 2757; x_wconf 87' lang='lat' dir='ltr'><strong>concedendi)</strong></span> <span class='ocrx_word' id='word_1_175' title='bbox 1793 2690 1973 2758; x_wconf 86' lang='lat' dir='ltr'><strong>prout</strong></span> <span class='ocrx_word' id='word_1_176' title='bbox 2028 2679 2387 2742; x_wconf 86' lang='lat' dir='ltr'><strong>affirmantes</strong></span> 
     </span>
     <span class='ocr_line' id='line_1_23' title="bbox 420 2781 2385 2866; baseline 0.001 -23"><span class='ocrx_word' id='word_1_177' title='bbox 420 2787 854 2866; x_wconf 75' lang='lat' dir='ltr'><strong>»opinantesve</strong></span> <span class='ocrx_word' id='word_1_178' title='bbox 906 2783 1252 2862; x_wconf 85' lang='lat' dir='ltr'><strong>loquimur,</strong></span> <span class='ocrx_word' id='word_1_179' title='bbox 1313 2782 1476 2843; x_wconf 87' lang='lat' dir='ltr'><strong>modi</strong></span> <span class='ocrx_word' id='word_1_180' title='bbox 1527 2781 1845 2842; x_wconf 85' lang='lat' dir='ltr'><strong>commode</strong></span> <span class='ocrx_word' id='word_1_181' title='bbox 1892 2784 2184 2844; x_wconf 82' lang='lat' dir='ltr'><strong>variant.&#39;&#39;</strong></span> <span class='ocrx_word' id='word_1_182' title='bbox 2269 2783 2385 2844; x_wconf 90' lang='lat' dir='ltr'><strong>Sed</strong></span> 
     </span>
     <span class='ocr_line' id='line_1_24' title="bbox 419 2883 2384 2966; baseline -0.002 -18"><span class='ocrx_word' id='word_1_183' title='bbox 419 2907 543 2949; x_wconf 89' lang='lat' dir='ltr'><strong>non</strong></span> <span class='ocrx_word' id='word_1_184' title='bbox 591 2897 759 2949; x_wconf 81' lang='lat' dir='ltr'><strong>recte</strong></span> <span class='ocrx_word' id='word_1_185' title='bbox 809 2885 1134 2966; x_wconf 86' lang='lat' dir='ltr'><strong>apponitur</strong></span> <span class='ocrx_word' id='word_1_186' title='bbox 1178 2905 1253 2944; x_wconf 80' lang='lat' dir='ltr'><strong>ex</strong></span> <span class='ocrx_word' id='word_1_187' title='bbox 1307 2884 1467 2945; x_wconf 81' lang='lat' dir='ltr'><strong>Orat.</strong></span> <span class='ocrx_word' id='word_1_188' title='bbox 1504 2883 1636 2961; x_wconf 89' lang='lat'><strong>111,</strong></span> <span class='ocrx_word' id='word_1_189' title='bbox 1675 2885 1795 2959; x_wconf 88' lang='grc'><strong>26,</strong></span> <span class='ocrx_word' id='word_1_190' title='bbox 1839 2884 1951 2945; x_wconf 90' lang='grc'><strong>101</strong></span> <span class='ocrx_word' id='word_1_191' title='bbox 1974 2931 1992 2961; x_wconf 86' lang='grc'>,</span> <span class='ocrx_word' id='word_1_192' title='bbox 2028 2906 2384 2965; x_wconf 67' lang='lat' dir='ltr'><strong>quamquam</strong></span> 
     </span>
     <span class='ocr_line' id='line_1_25' title="bbox 413 2988 2383 3072; baseline -0.002 -20"><span class='ocrx_word' id='word_1_193' title='bbox 413 2993 549 3072; x_wconf 69' lang='lat' dir='ltr'><strong>ipso</strong></span> <span class='ocrx_word' id='word_1_194' title='bbox 582 2992 692 3052; x_wconf 76' lang='lat' dir='ltr'><strong>illa</strong></span> <span class='ocrx_word' id='word_1_195' title='bbox 734 2989 1087 3050; x_wconf 65' lang='lat' dir='ltr'><strong>exclamatio</strong></span> <span class='ocrx_word' id='word_1_196' title='bbox 1122 3019 1203 3032; x_wconf 89' lang='lat'>—</span> <span class='ocrx_word' id='word_1_197' title='bbox 1230 2989 1346 3062; x_wconf 78' lang='lat' dir='ltr'><strong>sit,</strong></span> <span class='ocrx_word' id='word_1_198' title='bbox 1390 2988 1598 3063; x_wconf 73' lang='lat' dir='ltr'><strong>velim,</strong></span> <span class='ocrx_word' id='word_1_199' title='bbox 1640 2988 1877 3048; x_wconf 73' lang='lat' dir='ltr'><strong>crebra.-</strong></span> <span class='ocrx_word' id='word_1_200' title='bbox 1917 2989 1982 3048; x_wconf 90' lang='lat' dir='ltr'><strong>in</strong></span> <span class='ocrx_word' id='word_1_201' title='bbox 2020 3008 2144 3068; x_wconf 87' lang='lat' dir='ltr'><strong>quo</strong></span> <span class='ocrx_word' id='word_1_202' title='bbox 2184 3007 2383 3050; x_wconf 78' lang='lat' dir='ltr'><strong>exem·</strong></span> 
     </span>
     <span class='ocr_line' id='line_1_26' title="bbox 410 3087 2383 3172; baseline -0.001 -19"><span class='ocrx_word' id='word_1_203' title='bbox 410 3092 517 3172; x_wconf 88' lang='lat' dir='ltr'><strong>plo</strong></span> <span class='ocrx_word' id='word_1_204' title='bbox 567 3091 810 3152; x_wconf 86' lang='lat' dir='ltr'><strong>nullum</strong></span> <span class='ocrx_word' id='word_1_205' title='bbox 858 3087 1117 3148; x_wconf 80' lang='lat' dir='ltr'><strong>verbum</strong></span> <span class='ocrx_word' id='word_1_206' title='bbox 1168 3106 1312 3147; x_wconf 85' lang='lat' dir='ltr'><strong>cum</strong></span> <span class='ocrx_word' id='word_1_207' title='bbox 1352 3107 1707 3167; x_wconf 70' lang='lat' dir='ltr'><strong>quamquam</strong></span> <span class='ocrx_word' id='word_1_208' title='bbox 1741 3090 2126 3169; x_wconf 84' lang='lat' dir='ltr'><strong>componitur</strong></span> <span class='ocrx_word' id='word_1_209' title='bbox 2144 3135 2163 3165; x_wconf 90' lang='lat'><strong>,</strong></span> <span class='ocrx_word' id='word_1_210' title='bbox 2204 3099 2266 3150; x_wconf 88' lang='lat' dir='ltr'><strong>et</strong></span> <span class='ocrx_word' id='word_1_211' title='bbox 2298 3092 2383 3151; x_wconf 70' lang='lat' dir='ltr'><strong>sit</strong></span> 
     </span>
     <span class='ocr_line' id='line_1_27' title="bbox 411 3188 2381 3272; baseline -0.002 -17"><span class='ocrx_word' id='word_1_212' title='bbox 411 3214 446 3255; x_wconf 84' lang='lat' dir='ltr'><strong>a</strong></span> <span class='ocrx_word' id='word_1_213' title='bbox 501 3194 679 3255; x_wconf 68' lang='lat' dir='ltr'><strong>velim</strong></span> <span class='ocrx_word' id='word_1_214' title='bbox 731 3190 978 3271; x_wconf 87' lang='lat' dir='ltr'><strong>pendet.</strong></span> <span class='ocrx_word' id='word_1_215' title='bbox 1060 3188 1216 3249; x_wconf 86' lang='lat' dir='ltr'><strong>lbid.</strong></span> <span class='ocrx_word' id='word_1_216' title='bbox 1254 3188 1329 3264; x_wconf 91' lang='lat'><strong>7,</strong></span> <span class='ocrx_word' id='word_1_217' title='bbox 1369 3188 1486 3263; x_wconf 87' lang='lat'><strong>27,</strong></span> <span class='ocrx_word' id='word_1_218' title='bbox 1524 3189 1906 3270; x_wconf 70' lang='lat' dir='ltr'><strong>(quamquam</strong></span> <span class='ocrx_word' id='word_1_219' title='bbox 1946 3223 2027 3238; x_wconf 88' lang='lat'>—</span> <span class='ocrx_word' id='word_1_220' title='bbox 2061 3190 2381 3272; x_wconf 69' lang='lat' dir='ltr'><strong>tribuatur)</strong></span> 
     </span>
     <span class='ocr_line' id='line_1_28' title="bbox 410 3292 2381 3373; baseline -0.002 -16"><span class='ocrx_word' id='word_1_221' title='bbox 410 3294 842 3357; x_wconf 75' lang='lat' dir='ltr'><strong>Coniunctivus</strong></span> <span class='ocrx_word' id='word_1_222' title='bbox 887 3312 1009 3352; x_wconf 89' lang='lat' dir='ltr'><strong>non</strong></span> <span class='ocrx_word' id='word_1_223' title='bbox 1061 3300 1150 3351; x_wconf 85' lang='lat' dir='ltr'><strong>est</strong></span> <span class='ocrx_word' id='word_1_224' title='bbox 1198 3309 1272 3349; x_wconf 82' lang='lat' dir='ltr'><strong>ex</strong></span> <span class='ocrx_word' id='word_1_225' title='bbox 1327 3292 1643 3369; x_wconf 83' lang='lat' dir='ltr'><strong>potentiali</strong></span> <span class='ocrx_word' id='word_1_226' title='bbox 1702 3292 2135 3370; x_wconf 75' lang='lat' dir='ltr'><strong>significatione</strong></span> <span class='ocrx_word' id='word_1_227' title='bbox 2191 3294 2381 3373; x_wconf 79' lang='lat' dir='ltr'><strong>expli·</strong></span> 
     </span>
     <span class='ocr_line' id='line_1_29' title="bbox 408 3391 2376 3472; baseline -0.006 -15"><span class='ocrx_word' id='word_1_228' title='bbox 408 3396 669 3472; x_wconf 80' lang='lat' dir='ltr'><strong>candus,</strong></span> <span class='ocrx_word' id='word_1_229' title='bbox 737 3402 810 3455; x_wconf 89' lang='lat' dir='ltr'><strong>ut</strong></span> <span class='ocrx_word' id='word_1_230' title='bbox 869 3393 1051 3454; x_wconf 92' lang='lat' dir='ltr'><strong>modo</strong></span> <span class='ocrx_word' id='word_1_231' title='bbox 1107 3391 1269 3452; x_wconf 80' lang='lat' dir='ltr'><strong>dixi:</strong></span> <span class='ocrx_word' id='word_1_232' title='bbox 1332 3393 1397 3452; x_wconf 90' lang='lat' dir='ltr'><strong>in</strong></span> <span class='ocrx_word' id='word_1_233' title='bbox 1460 3392 1693 3453; x_wconf 86' lang='lat' dir='ltr'><strong>directa</strong></span> <span class='ocrx_word' id='word_1_234' title='bbox 1762 3396 2033 3457; x_wconf 80' lang='lat' dir='ltr'><strong>oratione</strong></span> <span class='ocrx_word' id='word_1_235' title='bbox 2093 3395 2376 3457; x_wconf 88' lang='lat' dir='ltr'><strong>Indicati.</strong></span> 
     </span>
     <span class='ocr_line' id='line_1_30' title="bbox 412 3494 2375 3579; baseline 0.002 -23"><span class='ocrx_word' id='word_1_236' title='bbox 412 3517 520 3557; x_wconf 82' lang='lat' dir='ltr'><strong>vus</strong></span> <span class='ocrx_word' id='word_1_237' title='bbox 566 3497 1011 3577; x_wconf 78' lang='lat' dir='ltr'><strong>requirebatur.</strong></span> <span class='ocrx_word' id='word_1_238' title='bbox 1109 3494 1207 3555; x_wconf 77' lang='lat' dir='ltr'><strong>Ad</strong></span> <span class='ocrx_word' id='word_1_239' title='bbox 1258 3494 1390 3555; x_wconf 80' lang='lat' dir='ltr'><strong>niv.</strong></span> <span class='ocrx_word' id='word_1_240' title='bbox 1443 3495 1593 3571; x_wconf 78' lang='lat'><strong>111,</strong></span> <span class='ocrx_word' id='word_1_241' title='bbox 1645 3497 1674 3556; x_wconf 89' lang='lat'>1</span> <span class='ocrx_word' id='word_1_242' title='bbox 1698 3542 1717 3572; x_wconf 88' lang='lat'><strong>,</strong></span> <span class='ocrx_word' id='word_1_243' title='bbox 1774 3496 1838 3571; x_wconf 88' lang='lat'><strong>1,</strong></span> <span class='ocrx_word' id='word_1_244' title='bbox 1884 3497 2264 3579; x_wconf 66' lang='lat' dir='ltr'><strong>(quanquam</strong></span> <span class='ocrx_word' id='word_1_245' title='bbox 2294 3532 2375 3547; x_wconf 91' lang='lat'><em>-</em></span> 
     </span>
     <span class='ocr_line' id='line_1_31' title="bbox 410 3595 2377 3678; baseline 0.004 -21"><span class='ocrx_word' id='word_1_246' title='bbox 410 3595 790 3678; x_wconf 67' lang='lat' dir='ltr'><strong>explico-uu)</strong></span> <span class='ocrx_word' id='word_1_247' title='bbox 836 3598 1008 3659; x_wconf 84' lang='lat' dir='ltr'><strong>nulla</strong></span> <span class='ocrx_word' id='word_1_248' title='bbox 1057 3617 1301 3676; x_wconf 79' lang='lat' dir='ltr'><strong>prorsus</strong></span> <span class='ocrx_word' id='word_1_249' title='bbox 1347 3597 1727 3658; x_wconf 84' lang='lat' dir='ltr'><strong>necessitudo</strong></span> <span class='ocrx_word' id='word_1_250' title='bbox 1778 3600 2032 3659; x_wconf 81' lang='lat' dir='ltr'><strong>verbum</strong></span> <span class='ocrx_word' id='word_1_251' title='bbox 2100 3600 2260 3662; x_wconf 81' lang='lat' dir='ltr'><strong>inter</strong></span> <span class='ocrx_word' id='word_1_252' title='bbox 2313 3610 2377 3665; x_wconf 86' lang='lat' dir='ltr'><strong>et</strong></span> 
     </span>
     <span class='ocr_line' id='line_1_32' title="bbox 409 3698 2375 3782; baseline 0.003 -23"><span class='ocrx_word' id='word_1_253' title='bbox 409 3698 577 3760; x_wconf 86' lang='lat' dir='ltr'><strong>Coni.</strong></span> <span class='ocrx_word' id='word_1_254' title='bbox 643 3719 997 3779; x_wconf 62' lang='lat' dir='ltr'><strong>quanqum</strong></span> <span class='ocrx_word' id='word_1_255' title='bbox 1045 3707 1166 3758; x_wconf 87' lang='lat' dir='ltr'><strong>est:</strong></span> <span class='ocrx_word' id='word_1_256' title='bbox 1236 3699 1303 3759; x_wconf 90' lang='lat' dir='ltr'><strong>in</strong></span> <span class='ocrx_word' id='word_1_257' title='bbox 1364 3719 1490 3779; x_wconf 86' lang='lat' dir='ltr'><strong>quo</strong></span> <span class='ocrx_word' id='word_1_258' title='bbox 1558 3701 1716 3760; x_wconf 88' lang='lat' dir='ltr'><strong>mire</strong></span> <span class='ocrx_word' id='word_1_259' title='bbox 1763 3700 1991 3762; x_wconf 86' lang='lat' dir='ltr'><strong>labitur</strong></span> <span class='ocrx_word' id='word_1_260' title='bbox 2048 3702 2141 3762; x_wconf 81' lang='lat' dir='ltr'><strong>vir</strong></span> <span class='ocrx_word' id='word_1_261' title='bbox 2193 3722 2375 3782; x_wconf 88' lang='lat' dir='ltr'><strong>prae—</strong></span> 
     </span>
     <span class='ocr_line' id='line_1_33' title="bbox 408 3799 2373 3878; baseline 0.003 -17"><span class='ocrx_word' id='word_1_262' title='bbox 408 3801 815 3861; x_wconf 64' lang='lat' dir='ltr'><strong>dantinimus.</strong></span> <span class='ocrx_word' id='word_1_263' title='bbox 898 3799 1026 3861; x_wconf 82' lang='lat' dir='ltr'><strong>Fin.</strong></span> <span class='ocrx_word' id='word_1_264' title='bbox 1080 3799 1140 3859; x_wconf 90' lang='lat'><strong>11</strong></span> <span class='ocrx_word' id='word_1_265' title='bbox 1161 3846 1178 3875; x_wconf 88' lang='lat'><strong>,</strong></span> <span class='ocrx_word' id='word_1_266' title='bbox 1234 3800 1351 3878; x_wconf 84' lang='lat'><strong>22,</strong></span> <span class='ocrx_word' id='word_1_267' title='bbox 1389 3802 1471 3863; x_wconf 83' lang='lat'><strong>72</strong></span> <span class='ocrx_word' id='word_1_268' title='bbox 1489 3848 1504 3868; x_wconf 87' lang='lat'><strong><em>‚</em></strong></span> <span class='ocrx_word' id='word_1_269' title='bbox 1558 3811 1725 3862; x_wconf 85' lang='lat' dir='ltr'><strong>recte</strong></span> <span class='ocrx_word' id='word_1_270' title='bbox 1771 3804 2034 3864; x_wconf 82' lang='lat' dir='ltr'><strong>restituit</strong></span> <span class='ocrx_word' id='word_1_271' title='bbox 2089 3804 2373 3869; x_wconf 87' lang='lat' dir='ltr'><strong>Indicati·</strong></span> 
     </span>
     <span class='ocr_line' id='line_1_34' title="bbox 409 3902 2371 3985; baseline 0.002 -21"><span class='ocrx_word' id='word_1_272' title='bbox 409 3924 556 3966; x_wconf 82' lang='lat' dir='ltr'><strong>vum</strong></span> <span class='ocrx_word' id='word_1_273' title='bbox 624 3902 988 3982; x_wconf 65' lang='lat' dir='ltr'><strong>madvigim:</strong></span> <span class='ocrx_word' id='word_1_274' title='bbox 1064 3921 1267 3981; x_wconf 83' lang='lat' dir='ltr'><strong>neque</strong></span> <span class='ocrx_word' id='word_1_275' title='bbox 1329 3904 1494 3965; x_wconf 91' lang='lat' dir='ltr'><strong>enim</strong></span> <span class='ocrx_word' id='word_1_276' title='bbox 1559 3905 1795 3966; x_wconf 85' lang='lat' dir='ltr'><strong>incerta</strong></span> <span class='ocrx_word' id='word_1_277' title='bbox 1861 3925 1935 3966; x_wconf 80' lang='lat' dir='ltr'><strong>ea</strong></span> <span class='ocrx_word' id='word_1_278' title='bbox 2003 3905 2186 3967; x_wconf 86' lang='lat' dir='ltr'><strong>lectio</strong></span> <span class='ocrx_word' id='word_1_279' title='bbox 2246 3917 2371 3985; x_wconf 88' lang='lat' dir='ltr'><strong>est,</strong></span> 
     </span>
     <span class='ocr_line' id='line_1_35' title="bbox 404 4005 2372 4088; baseline 0.001 -19"><span class='ocrx_word' id='word_1_280' title='bbox 404 4008 512 4069; x_wconf 82' lang='lat' dir='ltr'><strong>sed</strong></span> <span class='ocrx_word' id='word_1_281' title='bbox 562 4007 993 4069; x_wconf 78' lang='lat' dir='ltr'><strong>Coniunctivus</strong></span> <span class='ocrx_word' id='word_1_282' title='bbox 1039 4005 1413 4084; x_wconf 80' lang='lat' dir='ltr'><strong>perridicule</strong></span> <span class='ocrx_word' id='word_1_283' title='bbox 1456 4008 1575 4069; x_wconf 91' lang='lat' dir='ltr'><strong>hoc</strong></span> <span class='ocrx_word' id='word_1_284' title='bbox 1607 4007 1908 4069; x_wconf 81' lang='lat' dir='ltr'><strong>indicaret</strong></span> <span class='ocrx_word' id='word_1_285' title='bbox 1923 4052 1941 4083; x_wconf 90' lang='lat'><strong>,</strong></span> <span class='ocrx_word' id='word_1_286' title='bbox 1981 4010 2152 4088; x_wconf 83' lang='lat' dir='ltr'><strong>quasi</strong></span> <span class='ocrx_word' id='word_1_287' title='bbox 2186 4009 2372 4070; x_wconf 82' lang='lat' dir='ltr'><strong>vellet</strong></span> 
     </span>
     <span class='ocr_line' id='line_1_36' title="bbox 403 4107 2371 4196; baseline 0.003 -26"><span class='ocrx_word' id='word_1_288' title='bbox 403 4111 615 4173; x_wconf 83' lang='lat' dir='ltr'><strong>Cicero</strong></span> <span class='ocrx_word' id='word_1_289' title='bbox 653 4127 1063 4196; x_wconf 43' lang='lat' dir='ltr'><strong>eorrumpere·</strong></span> <span class='ocrx_word' id='word_1_290' title='bbox 1085 4107 1469 4189; x_wconf 82' lang='lat' dir='ltr'><strong>Torquatum.</strong></span> <span class='ocrx_word' id='word_1_291' title='bbox 1549 4111 1713 4173; x_wconf 82' lang='lat' dir='ltr'><strong>Orat.</strong></span> <span class='ocrx_word' id='word_1_292' title='bbox 1748 4111 1814 4186; x_wconf 90' lang='lat'><strong>1,</strong></span> <span class='ocrx_word' id='word_1_293' title='bbox 1854 4110 1930 4187; x_wconf 89' lang='grc'><strong>6,</strong></span> <span class='ocrx_word' id='word_1_294' title='bbox 1970 4110 2088 4188; x_wconf 86' lang='lat'><strong>21,</strong></span> <span class='ocrx_word' id='word_1_295' title='bbox 2129 4112 2371 4174; x_wconf 84' lang='lat' dir='ltr'><strong>vacillat</strong></span> 
     </span>
    </p>
   </div>
  </div>
 </body>
</html>
