3131 5032
1109 403 1245 471 ιη.
1296 403 1393 486 11,
1451 401 1558 487 17,
1610 405 1714 471 42.
2258 411 2385 475 541

445 609 717 691 Iugur-th.
756 607 978 671 LXXVI
994 653 1015 686 ,
1052 610 1111 672 6.
1192 608 1309 670 Sed
1332 610 1632 672 omittitur
1660 616 1792 671 tum
1818 617 1981 671 reete
2005 614 2392 693 praepositio,

442 735 633 794 quum
665 715 869 775 domuc
896 712 1217 793 opponitur
1250 714 1308 773 ei
1341 715 1504 793 quod
1523 716 1694 794 soria
1727 722 1848 775 eet:
1892 716 2048 779 aient
2076 715 2239 779 Offio.
2264 718 2392 793 111,

441 818 514 879 31
542 864 560 894 ,
608 817 743 879 112.
783 818 1106 897 Pomponii
1141 818 1373 877 domum
1407 820 1633 879 venisse
1662 819 1919 879 dicitur:
1962 829 2022 881 et
2053 821 2139 881 sio
2164 822 2396 882 domum

445 923 704 1000 desem,
766 920 913 980 ibid.
978 920 1075 996 11,
1131 919 1210 981 22
1231 964 1247 982 .
1314 920 1431 996 76,
1503 929 1843 1000 reportare,
1899 922 2272 1002 similiaque,
2330 924 2397 983 in

440 1024 662 1104 quibus
717 1024 1079 1103 plerumque
1148 1023 1492 1103 provinciae
1551 1024 1989 1087 administratio
2053 1027 2393 1106 opponitur.

439 1126 688 1202 Contra,
729 1145 921 1205 quum
967 1127 1134 1187 loona
1167 1127 1294 1206 ipae
1327 1126 1404 1187 de
1440 1125 1736 1187 industria
1771 1127 2074 1190 indicatur
2089 1176 2108 1206 ,
2149 1129 2395 1190 additur

434 1230 830 1310 praepositio:
893 1237 964 1289 ut
1016 1228 1184 1289 Verr.
1233 1228 1312 1288 lv
1331 1276 1350 1306 ,
1412 1229 1521 1306 14,
1580 1229 1687 1306 32,
1728 1231 1807 1291 ad
1835 1235 2127 1312 praetoris
2161 1233 2394 1292 domum

418 1334 588 1412 fen-i
604 1379 622 1409 ‚
663 1340 751 1392 eet
781 1352 892 1410 pro
935 1332 1015 1392 ad
1048 1343 1414 1412 praetorem,
1456 1333 1623 1411 quod
1659 1341 2085 1413 praecesserat:
2126 1343 2257 1394 tum
2294 1354 2394 1414 pe·

433 1434 682 1496 ouliarie
726 1436 880 1495 ratio
923 1443 1012 1495 eat
1060 1434 1179 1494 loci
1227 1433 1394 1495 Verr.
1435 1434 1501 1510 1,
1542 1435 1655 1510 26,
1694 1436 1804 1512 65,
1843 1438 2038 1497 noluit
2076 1438 2268 1496 videri
2307 1439 2394 1519 ip-

433 1559 562 1597 sum
618 1538 789 1597 illum
832 1537 1127 1596 Rubrium
1177 1538 1408 1596 invitus
1469 1538 1538 1596 in
1585 1537 1813 1597 domm
1866 1560 2035 1598 suam
2077 1541 2391 1620 recepisse,

429 1641 720 1721 quoniam
753 1638 953 1717 agitur
978 1639 1057 1699 de
1081 1639 1424 1700 deversorio
1454 1647 1515 1699 et
1539 1639 1826 1719 hospitio,
1865 1660 2068 1721 neque
2092 1642 2391 1720 cogitatur

428 1742 496 1802 in
531 1741 901 1823 oppositione
935 1750 1293 1803 extraneum
1337 1741 1703 1822 quidquam:
1746 1744 1829 1803 ita
1867 1763 2184 1823 perperam
2219 1746 2389 1805 omit·

425 1845 578 1907 titur
610 1864 879 1926 praepos.
918 1844 984 1903 in
1021 1865 1146 1906 uno
1180 1844 1417 1907 Codice.

503 1949 739 2009 iudicia
796 1960 1035 2008 aenaeae
1093 1980 1172 1993 -—
1235 1960 1606 2009 eon-servatae
1662 1950 1926 2031 patriae)
2022 1950 2108 2012 De
2155 1951 2387 2014 ratione

423 2052 667 2113 alterius
701 2050 989 2131 genitivi,
1032 2063 1402 2112 conservatae
1427 2054 1667 2133 patu-iae
1685 2098 1703 2129 ,
1745 2054 2053 2133 praeclara
2082 2063 2170 2113 eet
2203 2074 2383 2115 anno-

426 2156 573 2217 tatio
618 2154 949 2215 Heinriehii
991 2153 1070 2215 ad
1111 2155 1323 2235 fragm.
1362 2175 1473 2233 pro
1505 2153 1697 2215 Flaeo.
1735 2175 1794 2235 p.
1831 2155 1929 2217 95.
2011 2157 2257 2218 Iudicia
2289 2180 2385 2219 ae—

425 2271 604 2319 mue
652 2258 803 2337 quid
856 2258 965 2332 ait,
1023 2267 1187 2319 reete
1240 2257 1488 2335 exponit
1537 2258 1817 2317 Ernestus
1861 2259 1925 2317 in
1973 2259 2165 2319 Clavi:
2223 2261 2386 2322 conf.

427 2360 652 2421 Hanut.
688 2358 766 2419 ad
808 2359 939 2419 niv.
976 2359 1037 2434 1,
1076 2358 1151 2436 9,
1199 2359 1289 2420 14.
1374 2359 1465 2419 Ita
1505 2361 1717 2439 populi
1763 2361 2029 2434 iudicia,
2072 2363 2228 2423 Sext.
2269 2363 2384 2437 49,

431 2462 567 2524 105.
603 2461 712 2540 50,
754 2458 888 2523 106.
921 2462 1030 2536 53,
1069 2460 1203 2522 113.
1237 2460 1435 2523 Plane.
1472 2459 1548 2536 3,
1584 2459 1644 2522 8.
1680 2460 1886 2521 Livius
1915 2462 2036 2539 111,
2076 2464 2183 2539 51,
2215 2464 2273 2525 3.
2318 2498 2382 2511 -

425 2568 612 2648 Saepe
661 2566 871 2628 eadem
922 2585 991 2624 re
1037 2564 1362 2644 gloriatum
1420 2570 1492 2625 ut
1535 2563 1614 2625 ad
1662 2564 1791 2626 Div.
1829 2565 1895 2642 1,
1937 2564 2007 2640 9,
2052 2567 2146 2628 16.
2182 2567 2285 2628 fin.
2322 2577 2381 2627 et

425 2672 641 2732 erebro
681 2671 748 2730 in
787 2667 1185 2729 Orationibus.

506 2795 752 2854 quorum
813 2773 1022 2834 scelere
1090 2772 1404 2853 religiones
1460 2783 1584 2831 tum
1627 2772 1978 2853 proumtae)
2087 2774 2342 2854 Quorum
2363 2819 2379 2846 ,

427 2877 594 2957 quod
645 2877 849 2936 Ambr.
897 2877 955 2950 β.
1003 2883 1061 2935 et
1106 2875 1343 2953 Lagom.
1395 2874 1505 2950 96,
1545 2875 1657 2936 soli
1693 2876 1973 2936 videntur
1999 2895 2273 2950 servare,
2315 2876 2382 2935 in

425 2980 680 3060 reliquie
710 2979 857 3039 meis
882 2984 1232 3056 oon-ruptum
1260 2984 1347 3037 eet
1372 2977 1637 3056 primum
1669 2978 1733 3037 in
1763 2999 1908 3058 quo,
1947 2986 2079 3037 tum
2105 2979 2171 3037 in
2202 3000 2380 3059 quoe.-

422 3084 530 3144 eed
563 3104 680 3164 quo
714 3082 1006 3142 correctio
1039 3099 1163 3141 eane
1195 3079 1437 3139 videtur
1473 3098 1585 3157 pro
1617 3101 1789 3159 quom
1804 3127 1823 3157 ,
1864 3081 2029 3160 quod
2058 3082 2255 3160 ipsum
2292 3082 2384 3141 nil

418 3188 538 3248 nisi
592 3184 1022 3265 compendium
1085 3191 1206 3259 eet,
1267 3201 1378 3261 pro
1442 3203 1723 3263 quorum:
1777 3184 1935 3245 oonf.
1991 3204 2174 3264 supra
2220 3204 2378 3264 quae

418 3291 622 3353 notavi
674 3310 735 3369 p.
787 3287 909 3348 335
958 3295 1021 3346 et
1070 3285 1209 3347 348.
1264 3319 1343 3332 --
1394 3286 1524 3347 Mox
1545 3334 1564 3362 ‚
1622 3287 1789 3367 quod
1836 3287 2152 3368 plerosque
2195 3288 2379 3349 libros

420 3402 709 3473 occupat,
747 3392 1061 3451 distractae
1099 3411 1171 3450 ae
1209 3390 1528 3470 dissipatae
1546 3436 1567 3466 ,
1606 3409 1717 3470 per
1749 3411 2010 3451 errorem
2047 3411 2376 3453 accommo-

421 3493 560 3555 data
599 3503 686 3554 eet
732 3494 1073 3554 terminatio
1107 3492 1184 3553 ad
1225 3493 1499 3571 proxime
1534 3493 1849 3554 antecedd.
1884 3526 1964 3541 —
2003 3495 2207 3556 Scelus
2238 3514 2370 3573 pro·

420 3596 553 3675 prie
606 3596 673 3654 in
725 3597 941 3656 violata
990 3597 1285 3676 religione
1330 3595 1594 3673 dieitur,
1640 3604 1707 3656 ut
1744 3596 1910 3659 Verr.
1948 3596 2059 3673 IV,
2103 3598 2211 3674 41,
2252 3596 2368 3675 88,

420 3709 507 3758 eet
557 3699 824 3774 sceleris,
878 3699 1032 3777 quod
1080 3700 1394 3780 religiones
1443 3702 1734 3761 maximas
1784 3702 2049 3761 violavit.
2089 3733 2171 3746 —
2202 3700 2370 3761 Dele-

419 3808 618 3863 ctatur
664 3807 866 3860 autem
918 3800 1033 3860 hae
1083 3799 1584 3862 demonstratione
1600 3846 1619 3876 ‚
1679 3802 1743 3861 in
1796 3802 2005 3863 Clodio
2060 3802 2371 3879 puniendo

417 3905 673 3965 deorum
724 3922 931 3964 euram
951 3947 968 3977 ,
1027 3921 1147 3961 non
1199 3902 1530 3964 humanum
1565 3905 1885 3964 eonsilium
1924 3905 2134 3977 fuisse,
2177 3902 2369 3962 veluti

417 4010 576 4071 Sext.
610 4006 725 4083 67,
772 4006 904 4067 140.
947 4005 1147 4065 Milon.
1179 4005 1295 4081 31,
1335 4005 1442 4067 85:
1486 4006 1872 4086 impudenter
1917 4006 2059 4066 talia
2110 4005 2368 4083 expilata

417 4119 558 4173 eunt
591 4111 669 4171 ab
703 4117 945 4171 auctore
978 4107 1063 4168 De
1097 4107 1340 4187 liar-usp.
1375 4109 1546 4186 Καρ.
1596 4109 1667 4171 18
1688 4156 1703 4184 ,
1744 4108 1844 4169 38.
1883 4129 1969 4190 aq.
