3131 5032
1178 417 1320 484 Lm.
1366 417 1462 503 Π,
1509 421 1632 505 20,
1681 424 1787 490 49.
2326 426 2449 491 553

584 628 791 688 deinde
823 628 931 707 qui
965 637 1142 686 mores
1177 624 1283 707 —)
1355 625 1516 686 Haec
1548 626 1615 684 in
1652 624 1957 704 plerisque
1996 626 2168 686 libris
2200 628 2284 687 ita
2317 646 2457 690 cor-

504 742 681 811 rupta
704 740 870 807 sunt,
903 739 970 790 ut
997 737 1197 790 tamen
1219 728 1506 789 facillima
1530 727 1719 788 fuerit
1744 729 2055 790 correcti0.
2123 730 2361 809 Lagom.
2384 730 2460 790 10

502 836 711 895 deinde
775 835 869 894 lais
921 834 1029 913 qui
1081 843 1288 908 morte,
1339 833 1379 893 i.
1433 851 1487 892 e.
1539 834 1625 908 is,
1684 850 1808 910 quo
1874 839 2074 892 tamen
2123 852 2247 894 uon
2293 832 2463 892 indi-

503 957 734 1017 gemus.

583 1042 663 1101 ad
693 1041 787 1117 id,
828 1039 981 1121 quod
1000 1041 1366 1119 propositum
1398 1050 1483 1099 est
1500 1084 1520 1115 ,
1561 1037 2082 1118 accommodatam)
2176 1038 2310 1098 Non
2344 1037 2461 1099 hoc

501 1143 637 1206 loco
688 1152 918 1205 tantum
973 1142 1207 1203 errabat
1252 1142 1555 1218 Davisius,
1597 1143 1704 1221 qui
1727 1144 1993 1222 positum
2025 1141 2315 1217 malebat,
2354 1140 2462 1202 sed

498 1248 666 1309 Tusc.
698 1247 794 1322 11,
842 1247 912 1322 1,
953 1246 1034 1322 3,
1089 1265 1370 1325 quoque,
1428 1246 1539 1326 qui
1589 1246 1757 1306 locus
1808 1245 2062 1304 minime
2112 1245 2463 1304 adversatur

499 1349 609 1425 iis,
649 1368 807 1428 quae
859 1348 1066 1426 scripsi
1110 1345 1264 1406 Bibl.
1316 1346 1409 1408 Cr.
1452 1346 1524 1407 N.
1569 1346 1638 1407 V.
1689 1347 1743 1405 1.
1792 1367 1852 1426 p.
1889 1345 1990 1407 37.
2030 1379 2112 1390 —
2157 1345 2228 1403 In
2262 1364 2426 1424 seqq.
2440 1389 2461 1420 ,

499 1472 680 1531 quum
730 1454 981 1510 moritur
1027 1450 1228 1509 nescio
1256 1469 1380 1529 quo
1414 1449 1591 1509 modo
1623 1448 1871 1507 defendi
1906 1449 2118 1525 possit:
2160 1446 2297 1507 sort.
2332 1467 2462 1508 cor·

498 1553 822 1633 rigendum
859 1555 967 1633 qui
1002 1555 1266 1613 Μήταν.
1350 1552 1560 1612 Statim
1597 1560 1725 1630 post
1743 1596 1763 1627 ,
1803 1554 1911 1630 qui
1934 1552 2293 1631 plurimum,
2333 1569 2461 1611 cor·

498 1665 751 1737 ruptum
784 1665 872 1717 est
908 1657 971 1715 in
1010 1677 1187 1736 quam
1211 1656 1578 1736 plurimum,
1617 1655 1683 1713 in
1717 1655 1957 1731 Lagom.
1995 1654 2092 1715 58.

577 1759 621 1842 §
663 1760 760 1821 49.
840 1771 942 1836 ut,
1000 1761 1059 1818 si
1109 1761 1219 1839 qui
1266 1761 1327 1817 ei
1374 1760 1483 1838 qui
1527 1770 1790 1817 mortuus
1832 1759 1916 1816 sit
1953 1755 2059 1837 —·)
2136 1756 2302 1815 Libri
2336 1756 2459 1815 mei

497 1872 735 1924 tantum
769 1884 893 1923 non
933 1881 1141 1923 omnes
1175 1872 1243 1920 ue
1274 1863 1333 1920 ei
1362 1862 1419 1919 ie
1453 1863 1561 1940 qui
1593 1863 1684 1937 ei,
1717 1859 1924 1920 Ambr.
1946 1882 1998 1941 γ.
2036 1872 2102 1920 ut
2136 1862 2192 1919 ie
2224 1862 2333 1940 qui
2361 1861 2422 1919 ei
2438 1905 2459 1937 ,

496 1986 654 2046 quae
687 1966 883 2045 prima
926 1965 1108 2025 fuisse
1153 1963 1396 2023 videtur
1429 1965 1772 2044 corruptio:
1815 1964 1923 2023 illa
1954 1984 2079 2024 non
2110 1963 2225 2022 nisi
2260 1967 2452 2022 διττο-

496 2078 714 2151 remmia
747 2077 892 2130 erat.
973 2069 1058 2127 De
1091 2069 1150 2127 si
1178 2069 1286 2147 qui
1319 2086 1397 2126 au
1425 2069 1484 2126 si
1511 2069 1672 2147 quie,
1713 2066 1875 2128 conf.
1902 2065 2151 2146 Peyron.
2185 2066 2264 2127 ad
2291 2066 2452 2127 Lect.

465 2170 631 2235 ‘Van
669 2194 780 2254 pro
819 2173 1053 2233 Cluent.
1093 2192 1154 2250 p.
1203 2169 1339 2232 186.
1381 2177 1444 2230 et
1480 2170 1559 2230 ad
1598 2170 1797 2232 Milon.
1840 2190 1903 2249 p.
1943 2169 2083 2230 299.

1244 2373 1516 2440 CAPUT
1558 2373 1692 2440 XX.

578 2603 700 2642 non
749 2583 843 2643 ita
890 2580 1208 2662 descripta)
1287 2579 1441 2641 Vera
1490 2581 1817 2641 correctio.-
1871 2600 2012 2640 nam
2058 2581 2456 2661 antiquissimi

498 2686 816 2767 descriptas
835 2732 853 2761 ‚
896 2706 970 2746 ex
1007 2706 1131 2766 quo
1171 2692 1375 2765 postea
1407 2684 1633 2744 sactum
1669 2686 1959 2763 descripta
1991 2696 2148 2745 sunt.

571 2790 886 2849 kmditcee
916 2822 998 2834 —
1031 2800 1136 2848 aut
1163 2790 1223 2847 si
1255 2788 1393 2847 inde
1421 2789 1729 2867 quippiam
1764 2784 2006 2866 ceperit)
2083 2785 2454 2848 Postremum

496 2903 601 2952 aue
648 2893 877 2953 servavi
914 2913 989 2952 ex
1022 2891 1073 2951 Β
1109 2899 1170 2952 et
1205 2891 1311 2950 Ed.
1344 2889 1488 2951 Ven.
1527 2910 1574 2949 s.
1609 2909 1661 2949 a.
1697 2898 1758 2950 et
1788 2891 1831 2949 l.
1866 2888 2121 2967 aliisque
2155 2909 2278 2949 non
2312 2909 2455 2950 sane

492 2995 765 3074 optimis3
808 2994 912 3056 sed
950 2996 1101 3056 ratio
1135 2994 1439 3054 suadebat.
1520 2994 1763 3053 Scilicet
1800 3001 1917 3052 tres
1942 2991 2107 3052 modi
2141 3001 2455 3070 ponuntur

489 3099 716 3177 quibus
777 3099 914 3178 quis
981 3099 1161 3158 sacris
1223 3097 1728 3175 adstringeretur,
1788 3096 2159 3173 hereditate,
2219 3096 2451 3175 legato,

490 3201 895 3281 usucapione:
957 3201 1061 3262 sed
1110 3221 1188 3261 ex
1238 3199 1567 3260 heredibus
1609 3201 1658 3260 is
1703 3199 1943 3259 videtur
1976 3199 2263 3276 disignari
2280 3246 2298 3275 ‚
2342 3199 2453 3279 qui

487 3308 769 3366 maiorem
810 3317 1043 3386 partem
1081 3309 1371 3385 pecuniae
1412 3306 1640 3383 capiat,
1680 3303 2191 3383 quemadmodum
2226 3323 2262 3362 e
2292 3304 2453 3382 lega-

489 3409 654 3468 tariis
685 3409 736 3467 is
770 3409 869 3468 cui
909 3407 1104 3468 maior
1135 3427 1271 3487 pars
1300 3408 1598 3487 pecuniae
1631 3406 1828 3484 legata
1860 3408 1964 3466 sit:
2005 3425 2198 3486 quare
2228 3407 2452 3466 tollen-

488 3509 638 3569 dum
690 3520 777 3571 est
827 3513 991 3591 prius
1047 3523 1152 3572 aut
1199 3519 1331 3591 post
1381 3512 1732 3586 hereditate,
1783 3511 1830 3569 si
1876 3509 2127 3589 quidem
2160 3510 2449 3570 maiorem

490 3613 784 3691 pecuniae
837 3624 1070 3692 partem
1133 3635 1334 3695 capere
1387 3635 1510 3674 non
1563 3613 1681 3673 nisi
1728 3613 1939 3673 heredi
1993 3612 2179 3672 tribui
2233 3621 2447 3692 potest.

495 3712 840 3789 Praeterea,
883 3717 946 3774 in
983 3717 1224 3795 vulgata
1247 3718 1507 3778 lectione
1532 3716 1772 3797 (omisso
1799 3724 2098 3796 postremo
2122 3713 2250 3796 aut)
2283 3716 2449 3776 idem

489 3824 579 3876 est
623 3815 946 3894 legatarius
996 3825 1176 3896 atque
1225 3820 1305 3893 is,
1361 3820 1471 3898 qui
1522 3821 1829 3899 quippiam
1886 3819 2139 3898 ceperit,
2181 3817 2247 3875 id
2279 3818 2447 3899 quod

487 3919 803 3980 manifesto
837 3919 1054 3980 salsum
1091 3929 1194 3981 est.
1276 3921 1351 3980 In
1389 3922 1661 4000 legatarii
1705 3921 2092 3995 definitione,
2134 3921 2326 4001 legata
2359 3933 2445 3981 est

485 4020 846 4082 mutandum
881 4021 947 4079 in
983 4022 1024 4081 1.
1057 4022 1159 4081 sit.
1238 4021 1387 4081 Tum
1423 4025 1732 4105 quippiam
1766 4023 1971 4083 locum
2009 4021 2225 4081 cedere
2262 4020 2443 4082 debet

487 4144 666 4186 verae
715 4124 993 4199 lectioni,
1053 4127 1384 4206 quispiam,
1441 4146 1625 4204 quam
1674 4126 1882 4187 Ambr.
1920 4151 1976 4188 α.
2018 4124 2233 4201 habet,
2275 4126 2439 4203 quod
