3131 5032
794 457 927 524 402
1482 449 1629 518 Lm.
1676 449 1746 535 1,
1800 449 1912 533 16,
1960 452 2070 517 43.

786 662 1030 723 «litatem
1082 670 1141 720 ct
1191 657 1560 719 iniustitiam
1611 667 1670 716 et
1721 656 2235 737 intemperantiam
2276 676 2461 735 quum
2501 656 2761 718 dicimus

790 788 911 825 osse
946 762 1256 846 fugienda
1305 793 1403 824 ·-.
1452 760 1532 838 V,
1578 760 1686 836 13,
1727 759 1838 836 36,
1882 760 2191 835 docilitas,
2243 745 2560 820 mensoria.-
2613 783 2764 842 quac

781 871 913 950 sere
963 869 1165 927 omnia
1216 899 1316 925 —.
1353 897 1435 910 —
1465 863 1581 924 Pro
1621 864 1809 943 quod,
1851 863 2009 923 liber
2047 863 2129 939 ia,
2180 862 2346 923 unde
2386 864 2575 923 nostri
2611 865 2760 925 anti·

785 971 1059 1051 quissimi
1109 971 1414 1046 fluxerunt
1435 1015 1453 1044 ‚
1512 967 1757 1028 videtur
1807 967 2088 1027 habuisse
2139 969 2286 1045 quia
2304 1013 2321 1041 ‚
2361 976 2565 1046 postea
2605 969 2764 1028 male

788 1074 1156 1135 disiunctum
1179 1075 1260 1140 ‚in
1297 1075 1404 1152 qui
1446 1095 1503 1133 a.
1537 1105 1620 1118 —
1656 1071 1829 1146 Quod
1870 1071 2111 1150 Lagom.
2147 1071 2224 1130 10
2258 1070 2461 1146 affert,
2505 1073 2585 1131 ad
2617 1073 2765 1132 dili-

781 1180 1039 1261 gendum
1094 1178 1357 1236 homines
1374 1221 1392 1250 ‚
1452 1176 1763 1235 neminem
1828 1174 2163 1234 morabitur
2224 1182 2354 1253 post
2420 1184 2762 1236 accuratam

788 1281 1257 1361 disputationem
1299 1278 1582 1357 Madvigii
1623 1278 1837 1357 Opusc.
1878 1297 1940 1357 p.
1982 1277 2122 1339 380.
2163 1297 2292 1357 sqq.

867 1386 971 1445 ced
995 1386 1174 1445 etiam
1204 1387 1274 1442 in
1309 1384 1444 1443 deos
1455 1430 1475 1460 ‚
1516 1384 1912 1443 caerimoniae
1946 1412 2028 1426 --
2054 1379 2362 1460 tolluntur)
2439 1381 2762 1461 Interpun·

788 1488 1014 1567 gendo,
1039 1488 1195 1547 sicut
1218 1486 1444 1546 fecerat
1484 1486 1788 1561 Erneatus,
1831 1482 2102 1545 indicare
2134 1484 2300 1544 volui
2316 1530 2336 1560 ‚
2370 1487 2763 1546 caerimonia·

782 1592 1211 1673 religionesque
1257 1610 1369 1670 per
1426 1590 1785 1667 epexegoein
1830 1587 2010 1662 addi,
2051 1607 2166 1647 nec
2206 1587 2330 1647 dici
2365 1591 2761 1649 caerimoniae

780 1697 854 1755 in
907 1696 1079 1755 deoc.-
1136 1702 1196 1755 et
1248 1693 1447 1754 aliena
1499 1691 1821 1753 confundit
1860 1691 2244 1752 Goerenzius.
2277 1724 2359 1736 —
2391 1691 2562 1751 Nihil
2595 1699 2762 1766 erat,

779 1797 949 1879 quod
1001 1798 1324 1857 Lambinus
1375 1804 1643 1857 mutaret
1691 1796 1997 1856 tollentur:
2051 1794 2157 1854 sed
2200 1813 2408 1855 rursus
2442 1794 2519 1855 ad
2552 1794 2761 1855 defen·

778 1901 1043 1963 dendam
1074 1901 1381 1978 vulgatam
1417 1899 1792 1961 alienissimis
1827 1897 2116 1977 exemplis
2149 1899 2342 1959 utitur
2376 1898 2760 1960 Goerenzius.

857 2027 1006 2084 quae
1040 2025 1162 2064 non
1194 2016 1384 2080 metu,
1424 2004 1528 2064 ced
1560 2025 1632 2063 ea
1665 2035 1745 2047 —
1781 2003 2208 2062 conservanda-5
2228 2001 2402 2082 puto)
2481 2001 2756 2081 Negatio·

777 2127 923 2169 nem
939 2154 958 2183 ‚
1026 2128 1181 2183 non,
1250 2126 1696 2185 nonnunquam
1765 2106 1832 2165 in
1885 2105 2128 2183 optimis
2194 2099 2368 2165 libris
2437 2125 2757 2186 perperam

779 2211 1014 2287 omitti,
1056 2210 1332 2289 exemplo
1376 2217 1464 2269 est
1493 2209 1597 2269 hic
1631 2210 1819 2270 locus.
1854 2240 1936 2253 —
1974 2210 2415 2270 Concor-candax
2448 2208 2491 2269 i.
2527 2229 2581 2269 e.
2614 2228 2759 2270 con·

780 2314 1022 2375 servari.
1104 2314 1254 2374 Nam
1280 2313 1396 2373 hoc
1424 2312 1813 2392 participium
1857 2313 1940 2371 sic
1972 2313 2295 2391 praesentis
2320 2312 2548 2373 habere
2571 2313 2757 2391 signi·

777 2416 1118 2478 ficationem
1137 2463 1155 2492 ‚
1200 2425 1263 2477 et
1296 2417 1402 2476 alii
1432 2424 1592 2496 post,
1633 2423 1696 2477 et
1721 2415 1956 2476 dudum
1983 2415 2269 2476 docuerat
2300 2414 2643 2478 Perizonius
2673 2415 2758 2477 ad

778 2524 975 2584 Sanct.
1028 2522 1169 2582 Min.
1221 2542 1282 2601 p.
1345 2520 1479 2582 142.
1536 2540 1666 2600 sqq.
1747 2520 1881 2582 Non
1915 2520 2175 2580 attendit
2204 2520 2321 2581 hoc
2354 2521 2755 2596 Goerenzius,

774 2625 860 2685 sic
911 2626 1343 2703 interpretans,
1406 2622 1715 2684 »deorum
1765 2624 1999 2684 cultum
2016 2669 2035 2699 ,
2097 2632 2159 2684 et
2203 2623 2357 2683 ritus
2407 2622 2761 2686 retinendos

775 2748 902 2789 eme
942 2728 1130 2803 duce,
1171 2726 1278 2787 sed
1311 2727 1395 2788 ita
1431 2735 1500 2786 ut
1534 2730 1676 2788 —-.”
1718 2725 1800 2786 At
1829 2727 1949 2788 hoc
1980 2747 2103 2787 non
2138 2727 2450 2806 agebatur.

1502 2911 1799 2999 'CAPUT
1842 2928 2012 2997 ΧΠ.

860 3137 919 3196 εἰ
940 3137 1293 3217 principum
1331 3132 1603 3216 decretis)
1682 3134 1815 3196 Non
1863 3136 2173 3215 oportebat
2220 3135 2517 3198 Moserum
2566 3137 2757 3217 quid-

778 3258 964 3318 quam
999 3239 1265 3298 tribuere
1298 3237 1776 3317 Engelbronneri
1810 3240 2172 3319 suspicioni,
2202 3243 2550 3321 principum
2580 3261 2753 3301 men·

777 3344 1008 3405 tionem
1050 3343 1309 3402 alienam
1352 3362 1476 3402 esse
1512 3362 1548 3403 a
1584 3342 1892 3405 Cicerone.
1968 3343 2408 3423 Intelliguntur
2447 3346 2653 3405 delecti
2685 3347 2754 3405 in

779 3448 1058 3523 civitate,
1099 3446 1321 3525 quibus
1373 3454 1479 3506 aut
1529 3446 1727 3506 omnis
1743 3492 1763 3523 ,
1805 3455 1909 3506 aut
1942 3447 2135 3509 maior
2160 3456 2412 3526 potestas
2441 3449 2754 3510 commissa

781 3559 898 3611 est:
962 3557 1023 3609 et
1074 3550 1159 3610 sic
1218 3558 1347 3609 tum
1401 3548 1467 3608 in
1516 3549 1689 3610 libris
1738 3549 1817 3610 de
1866 3550 2156 3630 Repuhl„
2209 3560 2341 3612 tum
2377 3554 2443 3612 iu
2477 3553 2754 3613 Sextiana

780 3652 1070 3731 loquitur.
1125 3684 1207 3697 —-
1255 3651 1658 3712 Multitudinis
1704 3653 1860 3713 iussa
1908 3673 2093 3734 quam
2140 3654 2401 3715 ridicule
2434 3676 2547 3734 pro
2596 3655 2756 3717 veris

781 3764 843 3817 et
897 3755 1067 3816 iustis
1116 3753 1487 3833 habeantur,
1537 3756 1751 3817 festive
1796 3758 1996 3835 arguit
2038 3757 2204 3819 Plato
2248 3759 2504 3839 Republ.
2545 3758 2644 3819 VI.
2686 3780 2749 3838 p.

785 3859 922 3923 493.
975 3859 1131 3920 A-D.
1182 3893 1263 3905 —-
1313 3859 1445 3920 Mox
1498 3859 1826 3940 improprie
1875 3861 2032 3920 mihi
2086 3861 2331 3923 videtur
2377 3863 2557 3923 scribi
2612 3865 2751 3922 iura

781 3967 1308 4037 constae’tuemneur;
1339 3964 1637 4043 siquidem
1672 3968 1808 4027 inra
1840 3973 1900 4023 et
1934 3968 2098 4027 iussa
2130 3986 2273 4026 sane
2297 3967 2507 4046 populi
2535 3966 2753 4027 consti·

781 4074 967 4127 inunt
998 4066 1180 4147 (conf.
1202 4066 1341 4145 Cap.
1364 4070 1434 4143 5,
1469 4066 1599 4148 17);
1642 4067 1782 4143 sed,
1824 4068 1989 4148 quod
2024 4070 2145 4131 istis
2183 4069 2427 4130 auferre
2461 4071 2593 4131 vult
2612 4116 2631 4147 ‚
2661 4078 2754 4130 est

781 4171 881 4230 im
914 4173 1300 4245 constituere,
1330 4169 1372 4231 i.
1406 4189 1461 4231 e.
1499 4169 1689 4249 ipsam
1720 4190 1994 4235 normam
2030 4172 2203 4237 iuris:
2235 4173 2373 4252 Cap.
2403 4174 2473 4250 6,
2506 4173 2613 4250 19,
2643 4172 2748 4235 fin.
