3131 5032
752 410 884 478 598
1430 402 1578 473 Lm.
1622 404 1763 491 111,
1809 408 1887 491 6,
1938 404 2041 470 14.

744 583 920 670 1311012
973 607 1328 686 diligentius
1368 607 1604 668 tractati
1658 607 1790 667 laus
1837 604 2149 666 tribuitur.
2184 637 2267 650 —
2300 603 2523 667 statim
2548 615 2680 688 poa
2696 652 2721 685 ,

751 712 990 773 civilem
1035 713 1105 770 in
1149 709 1504 790 disputando
1540 710 1732 769 locvm
1770 727 2009 787 prorsus
2049 727 2172 768 non
2208 705 2511 770 intellexit
2543 709 2722 770 Mose·

751 833 885 890 rus,
940 812 1046 873 sed
1097 811 1364 890 explicui
1411 830 1589 891 supra
1638 809 1717 871 ad
1764 810 1835 887 1,
1879 813 1953 886 6,
2000 809 2094 872 16.
2143 829 2205 890 p.
2248 809 2399 873 316:
2456 812 2542 872 ita
2586 811 2719 873 Nat.

749 916 820 978 l).
861 916 927 991 1,
969 917 1046 991 5,
1092 914 1197 990 10,
1239 914 1373 975 init.
1416 916 1740 975 auctoritas
1775 915 1843 971 in
1878 913 2272 993 disputando,
2313 913 2355 972 i.
2393 933 2449 974 c.
2482 914 2550 973 in
2580 913 2720 993 phi-

746 1017 1053 1097 losophia:
1095 1015 1352 1096 Repuhl.
1390 1016 1455 1092 1,
1501 1015 1607 1091 10,
1655 1016 1760 1091 16,
1799 1016 1991 1074 omnis
2030 1016 2150 1075 ista
2187 1016 2544 1096 disputatio,
2583 1015 2626 1077 i.
2659 1034 2718 1077 e.

745 1122 917 1183 locus
953 1119 1367 1199 philosophiae
1414 1118 1493 1178 de
1528 1125 1777 1178 natura:
1822 1116 2024 1179 Divin.
2054 1116 2123 1194 1,
2155 1116 2263 1194 49,
2302 1117 2448 1195 110,
2470 1118 2721 1200 physica

749 1221 1099 1302 disputandi
1133 1220 1458 1280 subtilitas.

733 1365 746 1373 -
831 1322 1285 1401 Heraclidesque
1332 1322 1626 1381 Ponticus
1643 1365 1661 1396 ,
1708 1321 2019 1401 profectus
2071 1320 2147 1379 ab
2200 1321 2399 1380 eodem
2446 1318 2722 1401 Platone)

750 1426 838 1487 De
869 1423 1200 1485 Heraclidis
1235 1413 1394 1503 quae
1426 1424 1718 1484 dicuntur
1754 1424 1940 1502 vulgo
1980 1421 2332 1500 fragmentis
2368 1429 2719 1501 πολιτειῶν,

746 1528 1001 1608 reliquis
1047 1527 1237 1587 multo
1287 1526 1521 1587 saniora
1574 1525 1867 1603 explicuit
1918 1525 2282 1585 wolckerus
2329 1526 2475 1586 Mus.
2528 1527 2717 1587 Rhen-

667 1615 672 1618 ⁷
753 1630 827 1693 A.
861 1629 930 1691 V.
963 1628 1124 1689 Fasc.
1164 1627 1218 1689 1.
1300 1628 1417 1688 Sed
1467 1646 1785 1708 perperam
1831 1626 2103 1687 Davisius
2151 1628 2402 1708 corrigit
2423 1631 2717 1710 projecti,

751 1742 826 1795 nt
873 1731 1263 1812 participium
1313 1739 1435 1790 tam
1479 1730 1552 1791 ad
1596 1730 1978 1791 Aristotelem
2013 1749 2197 1809 quam
2231 1730 2311 1790 ad
2343 1730 2715 1792 Heraclidem

751 1834 1069 1897 referatur.
1151 1832 1391 1892 Scilicet
1441 1853 1561 1893 non
1610 1833 1809 1893 fuerat
1844 1831 2186 1892 Heraclides
2216 1831 2385 1893 illius
2420 1833 2714 1910 familiae,

752 1956 957 2018 neque
988 1937 1055 1994 in
1090 1934 1290 1995 schola
1326 1954 1654 2012 successor,
1697 1933 1804 1994 sed
1841 1943 2074 2011 tamen,
2108 1935 2275 2016 quod
2307 1935 2386 1996 de
2429 1936 2717 1997 industria

756 2039 1127 2120 significatur
1145 2083 1164 2112 ,
1192 2040 1501 2117 profectus
1541 2059 1578 2096 a
1619 2038 1890 2097 Platone.

813 2177 826 2188 κ
843 2140 1265 2221 Theophrastus
1304 2160 1439 2199 vero
1476 2142 1787 2199 institutus
1834 2139 1910 2197 ab
1960 2137 2300 2220 Aristotele)
2397 2141 2529 2201 Non
2574 2148 2720 2220 puto

750 2247 819 2305 in
851 2242 1093 2304 scholae
1128 2241 1496 2301 successione
1537 2239 1928 2319 significanda
1968 2260 2341 2322 quemquam
2384 2245 2719 2303 institutum

755 2346 834 2408 ab
865 2365 967 2422 eo,
995 2344 1099 2403 cui
1129 2343 1438 2418 succedat,
1472 2342 1597 2402 dici
1634 2363 1667 2401 a
1698 2342 1989 2402 Cicerone
2008 2389 2026 2418 ,
2063 2363 2142 2403 ne
2178 2345 2411 2404 doctum
2444 2345 2714 2425 quidem:

749 2448 1055 2529 facileque
1106 2452 1437 2525 utrumque
1488 2445 1873 2525 participium
1916 2446 2344 2526 interpolatum
2381 2467 2505 2508 esse
2535 2455 2723 2529 potest

754 2554 832 2613 ab
859 2572 963 2627 eo,
998 2549 1108 2629 qni
1137 2549 1384 2627 ignarus
1415 2557 1564 2610 esset
1603 2548 1734 2609 eius
1772 2549 2047 2624 rationis,
2084 2569 2269 2629 quam
2298 2560 2490 2611 servat
2518 2552 2721 2612 Cicero

756 2663 888 2716 tum
925 2653 1060 2713 aliis
1086 2652 1269 2727 locis,
1312 2660 1444 2711 tum
1483 2651 1643 2712 Orat.
1681 2651 1781 2725 11,
1829 2650 1928 2726 14,
1973 2649 2090 2725 58,
2131 2652 2265 2711 init.
2302 2654 2377 2713 ab
2408 2654 2721 2714 Aristotele

757 2758 1139 2823 Callisthenes
1188 2756 1584 2838 (quamquam
1637 2756 1723 2816 ibi
1777 2775 1851 2815 ex
1904 2756 2227 2833 praecedd.
2272 2761 2579 2837 profectas
2626 2760 2723 2817 in-

753 2862 954 2940 telligi
997 2857 1248 2940 potest),
1302 2867 1364 2919 et
1415 2859 1547 2934 111,
1606 2858 1718 2933 17,
1771 2857 1885 2932 62,
1950 2857 2085 2917 init.
2157 2859 2232 2918 ab
2296 2862 2427 2940 ipso
2478 2863 2725 2922 Platone

758 2963 1106 3027 Aristoteles
1173 2972 1230 3020 et
1287 2962 1678 3033 Xenocrates,
1736 2966 1884 3018 cet.:
1945 2959 2153 3038 itaque
2215 2961 2412 3020 statim
2470 2971 2633 3042 post,
2687 2982 2724 3021 a

771 3065 1158 3146 Theophrasto
1209 3063 1531 3123 Phalereus
1581 3061 1919 3121 Demetrius
1937 3108 1955 3137 ,
1995 3061 2157 3140 quod
2186 3065 2541 3143 *exemplum
2575 3065 2727 3125 bene

761 3168 1090 3231 excitatum
1140 3186 1176 3226 a
1223 3164 1659 3241 Wesenbergio
1710 3163 1871 3242 apud
1917 3163 2171 3243 Madvig.
2221 3165 2297 3225 ad
2347 3166 2477 3227 Fin.
2524 3167 2609 3243 V,
2648 3167 2725 3243 7,

766 3271 863 3333 19.
894 3271 1025 3331 fin.:
1069 3267 1462 3346 eiusdemque
1494 3267 1744 3327 rationis
1779 3276 1866 3327 est
1899 3267 2046 3327 ibid.
2086 3270 2154 3343 5,
2201 3268 2305 3344 13,
2360 3270 2730 3351 Theophrasti

769 3375 971 3435 Strato
1003 3405 1103 3430 -.
1138 3372 1339 3430 Huius
1371 3370 1534 3448 Lyco
1550 3414 1569 3444 ,
1609 3378 1723 3429 cet.
1740 3415 1757 3444 ‚
1794 3388 1951 3448 quae
1981 3376 2147 3429 recte
2178 3389 2288 3449 per
2320 3391 2383 3431 se
2409 3372 2730 3446 dicuntur,

765 3474 1000 3537 etiamsi
1064 3492 1188 3532 non
1246 3471 1652 3532 antecessisset
1712 3472 1915 3531 horum
1974 3475 2199 3556 posteri
2215 3499 2237 3533 .·
2293 3484 2503 3536 contra
2556 3474 2732 3536 sentit

768 3575 1119 3653 Madvigius.

854 3681 926 3737 in
956 3677 1135 3737 solem
1173 3687 1346 3755 atque
1380 3678 1450 3735 in
1475 3674 1805 3756 pulverem)
1886 3675 2077 3737 Minus
2111 3686 2279 3739 recte
2318 3679 2384 3739 in
2432 3678 2735 3741 nonnullis

772 3785 843 3842 in
875 3778 1176 3842 omittitur
1206 3777 1396 3837 altero
1430 3778 1596 3856 loco;
1640 3778 1689 3837 si
1725 3778 1974 3857 quidem
2008 3780 2100 3840 sol
2127 3788 2190 3841 et
2215 3783 2422 3862 paleis
2454 3803 2577 3844 non
2601 3789 2733 3843 sunt

774 3890 1063 3964 cognatae
1093 3880 1561 3960 significationis.
1642 3881 1716 3941 Et
1745 3882 1842 3941 vel
1878 3881 1964 3942 sic
1998 3903 2174 3961 saepe
2201 3882 2458 3945 iteratur
2485 3903 2736 3965 praepo-

774 3988 945 4049 sitIo:
1007 3984 1086 4046 ad
1136 3984 1266 4044 niv.
1319 3982 1447 4059 XV,
1507 3983 1580 4059 4,
1645 3982 1751 4059 16,
1809 4004 1916 4044 nos
1961 3985 2397 4066 philosophiam
2438 3991 2507 4048 in
2527 3992 2735 4070 sorum

776 4103 949 4172 atque
999 4091 1068 4149 in
1117 4109 1239 4148 rem
1270 4087 1579 4167 publicam
1633 4097 1806 4166 atque
1854 4089 1924 4146 in
1968 4090 2157 4167 nysam
2204 4092 2395 4151 aciens
2416 4112 2610 4172 paene
2638 4093 2736 4153 de-
