3131 5032
733 489 799 532 lv

731 690 848 743 aut
905 674 1142 742 sentiat
1204 672 1673 771 enunciaverit;
1757 694 2089 764 quumque
2149 675 2353 743 oratio
2403 677 2687 767 primum

724 784 1019 865 ,universe
1062 785 1254 874 ipsius
1300 784 1559 876 linguae
1610 797 1676 851 et
1733 785 2037 852 sermonis
2080 786 2365 854 indolem
2412 788 2650 856 referat
2671 842 2688 870 ,

734 910 875 962 tum
908 895 1290 985 peculiarem
1330 896 1610 963 subinde
1648 895 1922 963 formam
1968 897 2202 965 induat
2235 899 2334 964 vel
2368 921 2445 969 ex
2481 900 2691 981 cuius-

730 1029 859 1097 que
907 1007 1228 1097 scriptoris
1277 1007 1783 1087 consuetudine,
1829 1008 1927 1074 vel
1956 1030 2032 1074 ex
2065 1010 2467 1098 argumenti,
2514 1013 2693 1101 quod

729 1133 1075 1201 tractatur,
1108 1120 1471 1186 diversitate
1495 1118 1758 1209 aliisque
1780 1119 2406 1209 opportunitatibus,
2431 1143 2690 1189 earum-

724 1254 855 1321 que
889 1232 1179 1300 omnium
1221 1254 1437 1299 rerum
1471 1230 1901 1321 intelligentia
1940 1244 2074 1298 tam
2106 1231 2355 1300 nitatur
2382 1257 2691 1324 germana

724 1342 1168 1433 interpretatio
1188 1393 1206 1423 ,
1271 1365 1469 1434 quam
1526 1342 1719 1431 ipsius
1782 1342 2149 1433 argumenti
2201 1345 2573 1435 cognitione
2621 1362 2689 1414 et

724 1454 1031 1544 prudenti
1068 1452 1568 1533 existimatione3
1616 1452 2033 1543 consequitur
2065 1468 2165 1537 et,
2215 1456 2329 1546 qui
2375 1458 2687 1548 interpre-

725 1579 902 1633 tetur
921 1617 937 1645 ,
985 1565 1284 1633 adhibito
1316 1564 1556 1632 iudicio
1592 1564 1942 1632 defendere
1967 1565 2157 1633 verba
2188 1583 2305 1636 aut
2331 1570 2684 1639 orationem

722 1698 917 1765 quam
956 1689 1192 1744 tractat
1213 1727 1229 1756 ,
1276 1690 1377 1756 et,
1424 1676 1540 1765 qui
1574 1676 1659 1743 de
1687 1676 1893 1743 verbis
1922 1678 2340 1770 orationeque
2370 1681 2684 1751 iudicium

722 1788 906 1868 ferat,
932 1786 1050 1853 nisi
1077 1787 1548 1878 interpretandi
1577 1786 1791 1855 officio
1821 1787 2301 1876 diligentissime
2322 1792 2683 1874 satisfaciat,

721 1921 913 1989 prave
958 1899 1262 1966 iudicare.
1356 1901 1534 1981 Quae
1582 1899 1631 1964 si
1679 1897 1770 1963 ita
1818 1909 1969 1963 sunt
1989 1948 2006 1976 ‚
2054 1914 2321 1989 apparet
2350 1903 2561 1970 multo
2593 1905 2686 1971 la-

719 2008 847 2076 tius
903 2022 1125 2098 patere
1181 2007 1425 2090 critici,
1488 2009 1604 2098 qui
1665 2020 1964 2087 vocatur,
2028 2030 2263 2077 munus
2282 2062 2299 2092 ,
2362 2035 2560 2102 quam
2607 2030 2685 2084 ut

720 2119 1133 2188 contineatur
1198 2120 1368 2186 intra
1433 2119 1744 2197 Codicum
1810 2117 2139 2186 varietates
2199 2122 2645 2193 diiudicandas
2665 2179 2682 2207 ,

720 2232 1010 2323 ipsosque
1070 2232 1184 2322 qni
1205 2283 1223 2312 ,
1285 2232 1409 2299 hoc
1461 2231 1655 2299 titulo
1703 2244 1952 2320 spreto,
2002 2234 2204 2301 altero
2262 2234 2370 2302 illo
2417 2259 2686 2305 munere

717 2343 1106 2433 gloriantur,
1153 2342 1595 2433 imprudentes
1622 2364 1807 2431 saepe
1841 2345 2105 2412 ulterius
2134 2347 2462 2435 progredi.
2553 2352 2682 2415 Ita·

716 2476 844 2545 que
862 2506 879 2535 ‚
962 2468 1037 2522 ut
1102 2475 1235 2521 uno
1302 2453 1592 2543 exemplo
1671 2454 1992 2548 defungar
2011 2507 2027 2537 ,
2107 2457 2681 2546 pronunciaverunt

715 2565 929 2633 critici
965 2566 1217 2633 deloco
1250 2564 1442 2631 huius
1475 2563 1683 2654 operis
1715 2567 1807 2632 De
1838 2568 2111 2658 Legibus
2142 2570 2203 2634 11
2224 2619 2241 2649 ,
2283 2574 2358 2650 4,
2398 2575 2474 2650 9,
2517 2573 2678 2661 (vim

717 2677 952 2741 habere
983 2676 1077 2741 ad
1105 2689 1277 2740 recte
1300 2675 1504 2762 facta
1547 2674 1849 2763 vocandi)
1889 2691 2117 2744 contra
2148 2677 2438 2746 omnium
2475 2678 2681 2747 libro-

717 2808 863 2852 rum
915 2797 1319 2852 constantem
1373 2783 1827 2870 auctoritatem
1845 2836 1863 2865 ,
1926 2785 2326 2855 inserendam
2382 2811 2510 2856 esse
2560 2813 2680 2857 ne-

715 2894 913 2987 gandi
963 2893 1188 2985 partic.
1237 2917 1372 2958 non·
1416 2908 1572 2961 ante
1619 2897 1889 2978 hahere3
1936 2898 2060 2965 hoc
2104 2899 2344 2989 quippe
2375 2901 2679 2990 postulari

714 3007 750 3075 a
782 3009 947 3074 iusta
979 3004 1338 3074 sententiae
1370 3005 1933 3094 interpretatione:
1981 3029 2136 3095 ego,
2181 3032 2389 3096 quum
2423 3011 2684 3079 Codices

718 3119 1029 3200 defendo,
1080 3116 1240 3183 nihil
1273 3115 1451 3183 aliud
1485 3114 1604 3181 nisi
1631 3115 1716 3181 ad
1748 3115 1947 3205 ipsam
1983 3138 2255 3207 provoco
2285 3118 2682 3211 inter-prem-

718 3232 991 3310 tionem,
1029 3230 1072 3297 i.
1095 3252 1149 3297 e.
1186 3229 1272 3296 ad
1306 3250 1520 3295 veram
1552 3227 2040 3319 intelligentiam
2078 3236 2682 3321 argumentationis,

718 3362 989 3431 eamque
1034 3352 1288 3407 secutus
1307 3389 1323 3418 ,
1373 3337 1867 3405 reclamantibus
1909 3341 2198 3430 quamvis
2228 3345 2529 3413 omnibus
2560 3348 2683 3415 cri-

722 3451 895 3531 ticis,
941 3449 1380 3540 expellendam
1428 3448 1799 3517 censuimn
1858 3451 2240 3540 particulam
2260 3504 2279 3534 ,
2326 3455 2376 3522 si
2425 3458 2685 3526 Codices

723 3563 1117 3631 exhiberent.
1221 3562 1366 3628 Non
1415 3574 1552 3626 tam
1605 3560 1861 3650 ineptus
1909 3585 2087 3643 sum,
2136 3580 2213 3631 ut
2246 3566 2408 3632 nihil
2450 3568 2534 3634 ad
2567 3592 2684 3637 nos

720 3673 1043 3766 pertinere
1099 3684 1328 3761 putem
1380 3669 1692 3738 librorum
1747 3686 2143 3741 vetustorum
2196 3677 2679 3745 auctoritatem:

720 3786 844 3852 hoc
902 3783 1051 3852 dico
1071 3834 1089 3863 ,
1151 3803 1288 3849 non
1347 3781 1611 3871 simplex
1670 3804 1800 3848 me
1861 3784 1984 3851 hoc
2004 3835 2020 3864 ,
2095 3808 2358 3876 quoquo
2417 3790 2684 3858 nomine

722 3894 1080 3986 appelletur
1097 3945 1115 3974 ,
1163 3892 1343 3983 quod
1384 3914 1533 3960 vero
1572 3892 1911 3983 interpreti
1950 3895 2345 3986 propositum
2390 3913 2488 3966 est
2505 3951 2522 3980 ,
2567 3903 2681 3968 sed

726 4005 968 4096 duplici
1044 4003 1456 4095 indagatione
1512 4004 1868 4085 contineri,
1930 4019 2069 4072 tum
2128 4021 2204 4073 ut
2258 4030 2334 4074 ex
2392 4009 2683 4098 pluribus

721 4117 902 4185 libris
950 4136 1303 4206 eorumque
1347 4114 1787 4205 discrepantiis
1835 4115 2072 4184 efficiat
2122 4118 2285 4207 quid
2314 4120 2384 4188 in
2413 4144 2488 4190 eo
2515 4122 2679 4190 libro
