3131 5032
714 414 845 482 344
1414 411 1552 476 Lm.
1599 409 1667 494 1,
1720 412 1796 494 8,
1846 411 1954 477 24.

716 617 922 677 Caton.
974 612 1108 674 nai.
1155 613 1231 674 21
1252 658 1272 689 ,
1313 613 1414 676 77.
1452 648 1531 661 —-
1568 613 1742 689 Quod
1776 615 1843 673 in
1877 632 2003 673 uno
2032 613 2344 691 alteroque
2381 612 2680 674 librorum

716 734 994 779 meorum
1028 724 1116 777 est
1132 761 1152 792 ,
1192 717 1262 774 in
1300 716 1499 792 terris,
1542 714 1694 775 adeo
1717 735 1841 774 non
1871 711 2380 774 contemnendum
2408 712 2680 792 videtur,

716 830 790 883 ut
822 820 1066 881 sortasse
1100 827 1359 898 praestet
1393 818 1598 894 alteri,
1638 816 1932 898 siquidem
1962 816 2129 876 haud
2153 834 2369 895 parum
2396 817 2685 878 convenit

717 944 862 985 cum
895 924 1003 998 iis,
1044 941 1202 1001 quae
1246 921 1578 1001 Madvigius
1615 920 1879 1000 disputat
1912 919 1992 981 ad
2027 920 2156 980 Fin.
2189 939 2253 998 p.
2290 918 2440 981 786:
2481 940 2683 1001 neque

715 1027 882 1087 enim
922 1034 1156 1086 motum
1189 1025 1389 1105 ipsum
1423 1042 1590 1085 nunc
1623 1022 1894 1084 indicare
1926 1022 2060 1083 vult
2089 1022 2328 1101 Cicero,
2369 1023 2476 1100 sed
2507 1044 2681 1085 man-

715 1130 963 1191 sionem.

802 1251 1094 1312 quumque
1112 1230 1266 1306 alia,
1289 1229 1504 1309 quibus
1532 1229 1898 1291 cohaererent
1921 1230 2209 1307 homins,
2226 1228 2332 1312 —)
2388 1229 2681 1290 Librariu-

720 1353 853 1394 rem
890 1333 1096 1394 turbas
1127 1332 1192 1391 in
1224 1332 1341 1392 hoc
1373 1332 1508 1392 loco
1539 1332 1698 1392 bene
1727 1340 2164 1412 superaverunt
2198 1333 2318 1392 viri
2352 1332 2531 1394 docti.
2605 1331 2681 1392 In

720 1435 996 1496 Ambros.
1016 1460 1053 1492 α
1076 1454 1281 1494 rursus
1315 1434 1662 1513 exemplum
1689 1443 1776 1494 est
1808 1455 1932 1495 non
1960 1434 2194 1495 deletae
2223 1455 2443 1515 pravae
2475 1435 2679 1496 lectio·

718 1540 816 1600 nis
864 1544 1156 1617 sequente
1187 1537 1427 1599 meliori
1462 1535 1754 1618 (docerem
1786 1536 2059 1619 cluerent).
2137 1537 2566 1599 Coniunctivus
2614 1539 2681 1598 in

723 1642 1031 1704 cohaerent
1061 1639 1201 1701 ideo
1231 1640 1569 1720 postulatur
1584 1687 1602 1716 ,
1642 1639 1809 1720 quod
1841 1641 2040 1720 ipsum
2069 1659 2315 1720 quoque
2347 1641 2466 1702 hoc
2500 1640 2681 1701 reser-

723 1753 827 1805 tur
855 1765 932 1805 ex
960 1744 1067 1804 illa
1095 1742 1524 1821 disputatione,
1562 1745 1737 1805 cuius
1768 1763 2064 1804 summam
2092 1744 2391 1824 proponit.
2473 1745 2684 1825 Itaque

721 1848 1051 1909 rectissime
1098 1845 1254 1905 vidit
1302 1846 1666 1927 Madvigius,
1725 1846 1892 1927 quod
1934 1848 2060 1927 ipse
2105 1847 2341 1908 dudum
2374 1848 2682 1924 videram,

727 1953 794 2011 in
827 1949 1003 2011 Fin.l
1024 1995 1041 2026 ,
1088 1949 1195 2027 11,
1235 1948 1342 2026 38,
1383 1970 1497 2029 pro
1533 1952 1769 2011 videtur
1796 1958 1857 2010 et
1887 1962 2071 2026 caret,
2109 1950 2533 2014 Coniunctivos
2558 1972 2681 2013 esse

723 2050 1153 2129 restituendos3
1212 2051 1329 2111 nisi
1380 2050 1545 2131 quod
1597 2052 1724 2131 ipse
1775 2050 1969 2112 edidit
2007 2052 2305 2112 videretur
2334 2061 2396 2113 et
2429 2065 2647 2115 careret
2662 2099 2681 2129 ‚

723 2155 881 2215 mihi
912 2152 1186 2233 placebat
1215 2162 1277 2213 et
1297 2155 1603 2231 videatur,
1630 2162 1693 2215 et
1723 2167 1945 2215 careat:
1974 2174 2176 2234 neque
2205 2157 2371 2215 enim
2398 2157 2683 2236 temporis

723 2257 981 2318 sormam
1017 2256 1083 2314 in
1111 2256 1343 2335 placuit
1377 2275 1546 2316 nunc
1583 2255 1834 2335 quidem
1865 2257 2203 2336 urgendam
2239 2277 2365 2318 esse
2381 2304 2401 2335 ,
2442 2267 2505 2319 et
2536 2259 2684 2319 reli-

725 2381 850 2441 qua
897 2379 1177 2438 suspensa
1222 2360 1421 2438 potius
1450 2358 1646 2419 videri
1678 2379 1756 2420 ex
1798 2359 1975 2421 Infin.
2011 2381 2151 2421 esse.
2181 2392 2264 2404 —-
2296 2359 2425 2422 Mox
2460 2374 2682 2437 tamn,

722 2472 856 2545 post
903 2466 1199 2540 animum,
1254 2462 1365 2525 soli
1415 2464 1659 2544 Lagom.
1718 2462 1853 2525 124.
1911 2463 2044 2526 126.
2095 2464 2420 2543 praebent:
2479 2466 2683 2546 itaque

726 2569 937 2644 omisi,
989 2576 1060 2627 ut
1111 2567 1552 2646 importunum.
1604 2601 1675 2613 —
1727 2567 1812 2627 Ex
1855 2567 2062 2626 multis
2108 2566 2294 2643 locis,
2348 2567 2415 2627 in
2465 2568 2686 2648 quibus

721 2671 1016 2751 placitum
1050 2670 1197 2745 hoc,
1237 2669 1507 2729 animum
1532 2689 1659 2729 esse
1683 2669 1991 2745 divinum,
2026 2669 2394 2748 disputatur,
2420 2671 2683 2731 animad-

723 2772 880 2833 verti
910 2772 1079 2832 hunc
1114 2771 1283 2833 Tuae.
1312 2773 1343 2831 1
1358 2818 1378 2849 ,
1417 2770 1524 2849 24,
1564 2773 1646 2834 56
1654 2796 1672 2849 3
1716 2773 1783 2831 in
1816 2792 1941 2853 quo
1978 2792 2295 2852 perperam
2334 2774 2684 2835 Matthiaeus

729 2874 813 2936 De
857 2874 1248 2935 Anacoluthis
1289 2894 1351 2954 p.
1401 2875 1478 2936 19
1493 2920 1513 2951 ,
1554 2874 1988 2952 anacoluthon,
2030 2878 2295 2936 animum
2327 2878 2525 2958 speum
2541 2923 2559 2954 ,
2599 2878 2685 2940 ita

725 2978 1014 3057 explicat,
1059 2985 1131 3037 ut
1163 2975 1324 3037 dicat
1357 2976 1425 3036 in
1465 2996 1594 3056 sqq.
1628 2977 1886 3038 hominis
1919 2980 2107 3040 vitam
2148 2979 2314 3039 idem
2350 3001 2475 3041 esse
2517 2981 2684 3060 quod

724 3083 1011 3142 animum.
1090 3080 1223 3141 Non
1274 3088 1361 3141 est
1414 3079 1528 3140 ita:
1592 3088 1840 3161 apparet
1889 3082 2055 3142 euim
2104 3101 2385 3162 suspensa
2418 3104 2543 3144 esse
2574 3084 2683 3144 ista

723 3185 1015 3268 (animum
1045 3181 1291 3264 ipsum),
1328 3183 1600 3244 subiecto
1622 3185 1891 3264 primum
1921 3187 1981 3244 εἰ
2014 3185 2176 3246 nihil
2197 3219 2267 3231 —
2295 3231 2314 3262 ‚
2344 3193 2475 3246 tum
2512 3190 2680 3262 item,

724 3290 783 3349 si
835 3288 995 3347 nihil
1042 3308 1154 3345 -ε
1206 3285 1473 3366 indeque
1524 3287 1813 3367 explicari
1855 3290 2207 3369 praecipuas
2249 3290 2437 3348 animi
2480 3289 2680 3365 dotes,

723 3411 882 3473 quae
931 3389 1286 3451 confirment
1335 3390 1494 3450 illud
1548 3392 1747 3472 ipsum
1764 3438 1783 3468 ,
1840 3393 2112 3454 animum
2151 3402 2457 3472 praeterea
2488 3393 2685 3454 multa

724 3496 950 3555 habere
967 3517 985 3570 3
1045 3499 1353 3573 totamque
1392 3494 1552 3555 hane
1591 3495 2022 3575 digressionem
2052 3497 2232 3559 initio
2261 3497 2511 3557 demum
2542 3496 2684 3577 Cap.

728 3597 810 3658 25
845 3595 1113 3656 inhiberi
1129 3642 1147 3673 ‚
1187 3606 1250 3677 et
1284 3597 1351 3658 in
1382 3599 1612 3675 verbis,
1653 3622 1787 3661 eum
1826 3604 2083 3663 iurarem
2122 3624 2243 3663 esse
2283 3602 2559 3663 divinum
2589 3601 2691 3663 de·

732 3718 904 3760 mum
932 3698 1159 3759 absolvi
1188 3699 1256 3759 id
1270 3746 1289 3776 ‚
1329 3701 1498 3780 quod
1520 3701 1698 3764 initio
1723 3705 2015 3786 (animum
2037 3701 2257 3787 ipsum)
2285 3706 2691 3767 inchoaverat.

813 3822 886 3861 ea·
913 3822 1029 3882 quo
1052 3822 1184 3862 vere
1208 3804 1305 3863 vel
1330 3806 1575 3885 agnatio
1594 3838 1674 3850 —
1691 3806 1979 3886 appellari
2000 3803 2219 3887 potest)
2297 3804 2478 3866 Redit
2506 3808 2695 3868 oratic

730 3927 806 3967 ex
856 3904 1104 3985 obliqua
1153 3905 1232 3965 ad
1280 3905 1574 3975 directam
1618 3906 1894 3969 sormam.
1974 3908 2241 3969 Dubium
2269 3909 2469 3972 videri
2505 3917 2698 3989 potest

733 4031 856 4091 qua
882 4009 1114 4092 syntaxi
1148 4009 1422 4085 dativus,
1462 4013 1636 4072 nobis
1653 4057 1671 4086 ,
1711 4011 2104 4073 defendatur:
2148 4033 2273 4074 non
2308 4020 2473 4073 certe
2509 4014 2591 4073 ita
2624 4021 2693 4073 ut

733 4134 873 4175 cum
927 4114 1214 4196 appella-i
1263 4115 1506 4175 iunctus
1561 4114 1891 4193 accipiatur
1943 4136 2055 4195 pro
2110 4138 2148 4176 a
2196 4116 2370 4177 nohis
2385 4162 2405 4193 ‚
2438 4115 2541 4197 (de
2570 4135 2697 4196 quo
