3131 5032
1098 449 1241 516 Lm.
1287 449 1348 536 1,
1395 454 1510 536 22,
1556 456 1667 518 59.
2233 453 2360 522 445

409 659 510 719 lin.
558 677 645 738 sq.
702 656 1012 717 Platonem
1074 656 1347 735 sequitur
1409 654 1772 738 Porphyrius
1822 656 1986 736 apud
2043 659 2364 720 Stobaeum

410 762 538 822 XXI
550 809 569 840 ,
600 761 699 822 27.

489 877 657 927 tanta
701 866 796 923 vis
818 908 836 937 ,
890 873 946 921 et
995 874 1158 922 tanta
1205 865 1493 923 sententia
1527 862 1637 944 est)
1716 865 2002 943 Copulam
2042 872 2100 926 e‘t
2132 874 2370 928 servant

412 970 535 1029 mei
568 968 780 1048 optimi
819 967 1081 1046 quique:
1125 985 1327 1045 neque
1362 967 1696 1044 omittitur,
1738 969 1853 1029 nisi
1883 970 1951 1028 in
1986 971 2223 1046 auxesi,
2266 980 2371 1032 aut

408 1091 604 1153 quum
658 1070 974 1132 efficaciori
1028 1069 1332 1148 anaphora
1385 1090 1534 1149 opus
1574 1079 1678 1132 eet.
1759 1072 1920 1134 Orat.
1955 1072 2014 1148 1,
2057 1073 2170 1150 44,
2215 1075 2368 1152 196,

409 1177 584 1236 onina
616 1177 707 1235 rei
735 1185 898 1234 tanta
934 1184 1020 1232 eet
1053 1175 1176 1248 vis,
1218 1193 1291 1233 aa
1324 1185 1489 1234 tanta
1520 1187 1755 1235 natura.
1836 1177 2044 1255 Neque
2076 1177 2370 1239 attinebat

408 1279 534 1338 vim
586 1286 646 1338 et
698 1278 1082 1352 sententiam,
1123 1295 1281 1355 quae
1314 1296 1641 1356 synonyma
1673 1285 1849 1354 sunt,
1887 1279 2045 1337 sieut
2075 1280 2235 1340 infra
2268 1280 2367 1357 11,

407 1382 446 1440 5
463 1426 481 1455 ‚
535 1379 593 1440 11
621 1426 639 1457 ,
679 1400 790 1459 per
824 1378 1160 1437 istiusmodi
1204 1377 1530 1457 asyndeton
1560 1380 1955 1458 distinguere.
1990 1416 2069 1428 --
2100 1381 2187 1441 De
2220 1391 2369 1445 tem·

404 1501 624 1561 porum
670 1481 1125 1557 consecutione,
1167 1491 1252 1539 est
1289 1512 1369 1525 —
1402 1483 1783 1558 tribueretur,
1825 1483 2155 1544 tenendum
2192 1505 2225 1545 a
2260 1504 2370 1564 ge-

405 1584 600 1644 nerali
630 1583 858 1645 iudicio
886 1585 1085 1644 subito
1113 1583 1366 1643 transire
1392 1583 1467 1643 ad
1498 1584 1838 1646 historiam:
1881 1586 1947 1644 id
1976 1587 2143 1666 quod
2168 1588 2368 1649 facere

405 1705 532 1745 non
581 1686 837 1763 licebat,
894 1706 1088 1766 quum
1143 1686 1273 1747 Fin.
1327 1685 1406 1762 V,
1453 1687 1563 1763 16,
1607 1687 1720 1764 44,
1765 1696 2093 1769 utrumque
2129 1690 2369 1753 ratione

401 1790 828 1868 coniungeret,
889 1790 1047 1868 qnod
1081 1799 1460 1870 praeceptum
1509 1792 1655 1868 qnia
1694 1794 1886 1851 mains
1922 1804 2046 1852 erat
2076 1791 2225 1873 (non
2258 1792 2367 1875 est)

400 1913 578 1973 qnam
612 1904 680 1952 nt
715 1894 789 1952 ab
822 1892 1055 1951 homine
1090 1894 1417 1975 pideretar,
1460 1894 1687 1954 idcirco
1722 1895 2099 1976 adsignatum
2123 1908 2209 1956 est
2239 1897 2364 1959 dea.

478 1995 524 2077 §
565 1994 661 2056 59.
746 1997 854 2073 qni
876 2017 938 2054 ee
965 1997 1161 2074 ipsum
1185 1992 1368 2075 norit)
1436 1997 1568 2056 Non
1598 1997 1736 2056 satis
1763 1998 2043 2059 idoneam
2068 2002 2366 2062 rationem

400 2098 601 2176 reperi
621 2143 640 2173 ,
678 2097 1069 2176 quamobrem
1105 2117 1315 2157 eorum
1345 2098 1645 2158 librorum
1680 2101 2097 2161 auctoritatem
2133 2103 2362 2166 desere-

397 2220 561 2277 rem,
602 2201 713 2280 qui
747 2204 975 2282 ipsum,
1017 2221 1141 2260 non
1181 2203 1304 2281 ipse
1322 2246 1340 2276 ,
1383 2201 1669 2261 afferunt:
1711 2203 1778 2261 in
1815 2203 1931 2263 hoc
1976 2205 2141 2263 enim
2182 2226 2360 2284 prae-

399 2313 574 2383 cepto
620 2307 743 2384 ipse
797 2304 1052 2384 quisque
1094 2303 1207 2361 sibi
1252 2303 1555 2364 obiectum
1591 2307 1987 2382 cognoscendi
2022 2317 2139 2368 est:
2183 2311 2265 2370 ita
2301 2319 2362 2371 et

401 2407 583 2468 modo
610 2419 829 2467 nosmet
859 2410 1018 2487 ipsos
1033 2452 1051 2481 ‚
1088 2414 1148 2465 et
1177 2406 1303 2467 Fin.
1335 2407 1377 2468 l.
1397 2427 1450 2467 c.
1534 2408 1722 2484 Quid,
1757 2409 1924 2488 quod
1950 2431 2086 2469 mox
2104 2412 2243 2489 Lag.
2266 2412 2368 2491 10,

399 2509 582 2571 habet
633 2531 811 2591 quum
861 2533 922 2570 ee
980 2511 1174 2590 ipsum
1221 2511 1603 2591 perspexerit.
1712 2510 1965 2572 Videtur
2010 2522 2118 2573 aut
2167 2516 2361 2576 omnis
2406 2526 2414 2532 ’

398 2634 610 2675 norma
651 2611 962 2674 iudicandi
1012 2612 1350 2672 abiicienda
1384 2633 1543 2689 esse,
1586 2622 1692 2674 aut
1722 2634 1898 2693 saepe
1927 2624 2138 2677 eontra
2172 2617 2359 2681 Codd.

396 2717 812 2778 anctoritatem
854 2715 1303 2794 corrigendum.

476 2822 896 2901 ingeniumque
945 2851 1027 2863 —
1073 2822 1231 2879 sicut
1278 2819 1663 2880 simulacrum
1712 2820 1956 2901 aliquod
2002 2821 2359 2907 dedicatum)

395 2920 667 2982 Editores
713 2923 1018 2983 novissimi
1070 2924 1401 2983 dedicatum
1455 2944 1580 2984 non
1629 2944 1771 2985 cum
1824 2928 2132 3007 ingenium
2183 2930 2359 3008 iungi

395 3024 820 3101 erediderunt,
870 3025 1075 3106 itaque
1126 3025 1529 3085 distinxerunt
1579 3026 1914 3087 secundum
1959 3028 2117 3090 hane
2166 3030 2358 3093 inter-

393 3128 812 3208 pretationem.
894 3128 1233 3208 Perperam.
1317 3127 1459 3189 Vult
1502 3130 1666 3189 enim
1708 3130 1916 3192 Cieero
1950 3131 2151 3212 ipsum
2182 3138 2356 3218 inge-

389 3234 597 3308 nium,
639 3239 949 3310 tamquam
986 3231 1403 3306 simulacrum,
1445 3232 1777 3292 dedicatam
1813 3253 1938 3294 esse
1972 3236 2037 3295 in
2073 3238 2354 3316 homine,

392 3342 698 3416 tamquam
731 3335 797 3394 in
822 3333 1075 3413 templo:
1108 3342 1171 3394 et
1195 3334 1310 3394 hoc
1340 3342 1426 3394 est
1455 3334 1614 3394 illud
1640 3336 1804 3415 quod
1831 3337 2092 3415 dixerat,
2124 3342 2361 3421 aliquid

387 3459 450 3498 te
498 3439 704 3499 habere
755 3439 967 3496 sentiet
1018 3438 1311 3498 divinum.
1409 3437 1662 3498 Illorum
1727 3440 2146 3520 interpretatio
2198 3447 2357 3507 nihil

389 3539 563 3600 affert
612 3539 726 3598 nisi
774 3539 890 3600 hoe
908 3584 927 3614 ,
957 3542 1197 3619 putabit
1248 3542 1555 3622 ingenium
1592 3543 1660 3600 in
1690 3564 1753 3602 ee
1781 3565 1954 3603 sunm
1985 3546 2188 3630 (esse):
2228 3570 2354 3630 quo

389 3641 541 3723 quid
595 3641 856 3718 ineptius
906 3661 1030 3701 esse
1076 3644 1308 3721 potest?
1364 3642 1641 3703 Ceterum
1680 3644 1836 3706 hana
1868 3666 2113 3728 quoque
2145 3652 2354 3712 simili·

387 3743 666 3805 tudinem
720 3763 754 3802 a
804 3741 1048 3802 Platone
1095 3743 1278 3803 sumit
1331 3744 1575 3820 Cicero,
1634 3746 1894 3826 Sympos.
1953 3768 2012 3828 p.
2060 3750 2216 3828 216,
2267 3754 2314 3813 Ε
2331 3801 2350 3831 ,

384 3849 460 3906 τὸ
502 3846 667 3911 ἐντὸς
721 3846 1048 3924 ἀγάλματα,
1107 3844 1183 3904 ad
1237 3865 1421 3924 quem
1472 3847 1676 3907 locum
1717 3859 2056 3929 opportune
2092 3855 2352 3916 Tulliani

386 3950 508 4011 loci
574 3949 850 4008 meminit
910 3947 1363 4010 Stallbaumius:
1423 3950 1543 4011 alia
1597 3952 1876 4013 imitandi
1932 3957 2209 4035 exempla
2258 3978 2350 4019 re·

383 4051 701 4133 potientur
768 4052 835 4112 in
898 4050 1250 4112 Ruhnkenii
1318 4054 1506 4134 copiis
1580 4055 1660 4115 ad
1713 4055 1861 4117 Tim.
1913 4076 1975 4135 p.
2033 4058 2106 4136 6,
2169 4061 2348 4122 sicuti

386 4175 509 4216 non
562 4152 776 4217 dubito
827 4156 983 4235 quin
1029 4138 1103 4216 oi
1144 4154 1391 4219 Platone
1430 4158 1678 4218 fluxerit
1708 4159 1825 4221 hoc
1855 4160 2089 4223 stobaei
2126 4163 2193 4240 1,
2233 4163 2348 4242 aa,
