3131 5032
1275 494 1369 567 43
1405 482 1412 487 .

356 705 568 781 ullam
597 707 835 804 legem
864 719 1080 806 puto,
1127 729 1277 778 non
1314 704 1536 779 modo
1570 705 2007 800 habendam,
2045 707 2168 782 sed
2201 732 2294 781 ne

350 826 846 928 appellandam
878 826 1193 925 quidem.
1290 832 1389 898 M.
1439 830 1668 925 Igitur
1695 831 1911 902 Titias
1931 839 1957 879 ¹
2000 843 2073 901 et
2108 832 2300 929 Apu·
2369 856 2459 913 ῃ,

348 948 518 1022 leias
564 947 760 1047 leges
795 946 1024 1020 nullas
1057 948 1309 1046 putas?
1404 950 1493 1039 Q.
1551 951 1703 1047 Ego
1739 973 1912 1022 vero
1948 974 2041 1022 ne
2071 953 2304 1022 Livias

351 1067 672 1166 quidem.
769 1071 867 1139 Μ.
918 1072 1006 1139 Et
1044 1082 1270 1141 recte:
1306 1092 1492 1166 quae
1524 1073 1946 1168 praesertim
1975 1095 2127 1143 uno
2153 1094 2309 1142 ver-

352 1186 579 1260 siculo
605 1201 898 1260 senatus
920 1202 1196 1286 puncto
1222 1193 1571 1288 temporis
1601 1187 1923 1262 sublatae
1947 1193 2114 1261 sint.
2163 1195 2310 1261 Lex

353 1320 605 1380 autem
639 1306 758 1378 illa
796 1310 1001 1379 cuius
1028 1309 1175 1378 vim
1206 1306 1584 1407 explicavi,
1622 1330 1866 1405 neque
1896 1307 2051 1381 tolli
2072 1333 2314 1406 neque

357 1425 693 1525 abrogari
737 1440 999 1525 potest.
1095 1428 1185 1517 Q.
1242 1430 1374 1499 Eas
1421 1440 1506 1498 tu
1543 1430 1766 1525 igitur
1798 1427 1991 1527 leges
2028 1426 2316 1527 rogabis

359 1545 692 1619 videlicet
710 1599 730 1638 ,
765 1571 955 1644 quae
993 1570 1394 1644 numquam
1426 1546 1915 1644 abrogentur?
1970 1551 2068 1618 M.
2107 1551 2317 1619 Certe

358 1670 420 1738 si
470 1664 696 1740 modo
739 1679 1073 1766 acceptae
1117 1690 1160 1738 a
1202 1664 1491 1738 duobus
1524 1664 1733 1737 vobis
1757 1683 1785 1722 ²
1824 1681 2061 1738 erunt.
2147 1664 2319 1755 Sed,

358 1802 442 1860 ut
481 1791 596 1859 vir
644 1784 1105 1860 doctissimus
1136 1783 1308 1857 fecit
1342 1785 1541 1857 Plato
1573 1797 1793 1882 atque
1827 1784 2020 1857 idem
2059 1788 2322 1884 gravis-

358 1910 579 1980 simus
639 1904 1249 2006 philosophorum
1287 1909 1655 1994 omnium,
1692 1907 1823 2001 qui
1858 1908 2199 2004 princeps
2230 1902 2322 1975 de

360 2051 439 2099 re
473 2025 768 2126 publica
806 2028 1268 2123 conscripsit,
1307 2022 1649 2121 idemque
1679 2027 2060 2122 separatim
2099 2023 2193 2096 de
2224 2023 2323 2094 le-

359 2143 572 2243 gibus
626 2147 818 2234 eiuS,
869 2140 944 2214 id
996 2140 1179 2213 mihi
1234 2140 1452 2215 credo
1496 2166 1651 2214 esse
1707 2140 2156 2234 faciundum,
2213 2156 2325 2232 ut,

362 2269 789 2365 priusquam
843 2266 1072 2362 ipsam
1131 2261 1364 2358 legem
1417 2264 1752 2352 recitem,
1803 2260 1895 2333 de
1947 2265 2101 2334 eius
2150 2262 2327 2361 legis

361 2383 572 2458 lande
643 2383 910 2456 dicam:
975 2380 1178 2478 quod
1234 2380 1430 2453 idem
1490 2385 1704 2454 etiam
1727 2398 1754 2438 ⁸
1813 2381 2197 2454 Zaleucum
2253 2396 2328 2455 et

365 2502 829 2578 Charondam
891 2500 1145 2575 fecisse
1196 2498 1443 2590 vide03
1503 2516 1783 2599 quum⁴
1844 2501 2143 2600 quidem
2222 2501 2326 2574 illi

364 2649 515 2697 non
550 2620 777 2694 studii
803 2634 877 2692 et
909 2619 1432 2710 delectationis,
1461 2618 1588 2691 sed
1620 2624 1725 2692 rei
1751 2618 2084 2719 publioee
2118 2647 2331 2696 causa

366 2742 565 2841 leges
620 2738 1022 2815 civitatibus
1077 2742 1223 2811 suis
1274 2742 1715 2839 scripserunt
1742 2752 1805 2811 ⁵:
1866 2765 2053 2838 quos
2100 2746 2369 2815 imita-·

373 2877 501 2934 tus
535 2862 729 2935 Plato
759 2860 1093 2933 videlicet
1121 2857 1266 2930 hoc
1285 2843 1591 2957 ‘quoque
1620 2858 1796 2955 legis
1830 2863 2107 2958 putavit
2139 2884 2327 2953 esse,

370 2980 803 3083 persuadere
823 2977 1136 3078 aliquid,
1164 3002 1314 3049 non
1338 2981 1583 3050 omnia
1607 2981 1681 3048 vi
1701 3002 1786 3050 ac
1813 2981 2027 3049 minis
2052 3003 2328 3076 cogere.

371 3106 463 3195 Q.
499 3102 725 3194 Quid,
755 3100 958 3200 quod
976 3099 1357 3172 Zaleucum
1379 3101 1601 3169 istum
1625 3111 1838 3196 negat
1859 3097 2089 3170 ullum
2112 3097 2331 3171 fuisse
2401 3125 2488 3182 15.

373 3228 724 3297 Timaeus.
820 3226 918 3295 M.
967 3225 1058 3293 At
1089 3219 1661 3320 TheophrastuS,
1699 3232 1953 3291 auctor
1982 3217 2178 3292 haud
2209 3219 2334 3293 de-

375 3348 635 3434 terior,
694 3365 855 3413 mea
905 3338 1204 3438 quidem
1259 3342 1643 3428 sententia,
1703 3338 2074 3411 meliorem
2127 3338 2338 3411 multi

377 3467 791 3552 nominant;
839 3472 1406 3533 commemorant
1440 3482 1615 3530 vero
1648 3461 1870 3554 ipsius
1910 3461 2135 3551 civeS,
2173 3483 2340 3531 nos-

381 3587 474 3655 tri
511 3583 847 3671 clienteS,
889 3583 1121 3652 Locri.
1229 3576 1367 3650 Sed
1411 3580 1557 3649 sive
1597 3574 1766 3666 fuit,
1801 3580 1949 3649 sive
1987 3602 2138 3650 non
2169 3576 2336 3669 fuit,

383 3702 563 3775 nihil
597 3701 691 3776 ad
727 3726 911 3774 rem:
952 3700 1323 3798 loquimur
1364 3696 1564 3796 quod
1601 3695 1947 3770 traditum
1983 3712 2112 3770 est.

477 3826 585 3896 Sit
629 3826 856 3922 igitur
895 3822 1038 3894 hoc
1081 3824 1223 3893 iam
1247 3831 1275 3871 ⁸
1322 3844 1366 3892 a
1401 3821 1762 3917 principio
1793 3842 2218 3918 persuasum
2250 3821 2343 3891 ci·
2411 3844 2529 3901 vn.

458 4127 475 4160 ¹
513 4133 570 4174 m
598 4120 783 4173 Titias.
852 4119 877 4157 ¹
907 4116 1056 4171 vobis
1082 4085 1303 4170 duobus.
1375 4119 1401 4157 ⁸
1431 4126 1502 4169 et.
1574 4120 1597 4159 ί
1627 4131 1964 4185 quamquam.
2036 4119 2063 4154 ὅ
2087 4115 2357 4186 maurip-

393 4219 584 4263 nomm.
654 4210 681 4246 ⁸
718 4221 820 4257 om.
856 4205 980 4256 iun.
