3131 5032
1716 453 1759 522 2

767 681 1088 739 canescet
1108 665 1359 739 saeclis
1391 665 2032 738 innumerabilibus.
2101 669 2256 742 Nisi
2285 664 2474 739 sorte
2498 660 2716 739 Athe·

769 814 903 862 nae
943 802 1108 860 tuae
1148 792 1652 887 sempiternam
1694 790 1769 857 in
1803 811 1965 859 arce
1998 778 2230 859 oleam
2264 800 2513 859 tenere
2553 800 2715 886 pot·

770 925 1066 980 uerunt:
1140 923 1302 997 aut,
1372 905 1571 1004 quod
1638 910 2057 979 Homericus
2114 906 2355 977 Ulixes
2426 906 2582 978 Deli
2639 928 2716 976 se

770 1053 1147 1128 proceram
1180 1042 1253 1098 et
1292 1043 1611 1099 teneram
1643 1026 1952 1126 palmam
1983 1025 2239 1097 vidisse
2277 1025 2454 1097 dicit
2482 1032 2544 1116 ¹,
2588 1024 2719 1096 ho·

773 1149 891 1221 die
920 1161 1324 1220 monstrant
1351 1147 1710 1218 eamdem:
1738 1146 2108 1244 multaque
2128 1145 2258 1218 alia
2282 1145 2525 1217 multis
2545 1144 2723 1216 locis

775 1268 1047 1339 diutius
1098 1270 1783 1338 commemoratione
1828 1281 2155 1356 manent,
2201 1290 2420 1364 quam
2466 1278 2726 1335 natura

775 1403 960 1459 stare
996 1400 1415 1487 potuerunt.
1516 1389 1756 1477 Quare
1787 1384 2188 1484 glandifera
2223 1384 2340 1457 illa
2379 1407 2725 1482 quechS,

779 1532 868 1579 ex
919 1531 1064 1603 qua
1109 1506 1282 1578 olim
1323 1506 1627 1578 evolavit
1671 1507 1918 1575 nantia
1937 1502 2148 1599 fulva
2185 1506 2367 1577 Iovis·
2401 1500 2728 1573 minanda

781 1629 928 1697 visa
939 1628 1220 1725 figura,
1270 1651 1467 1699 nunc
1507 1630 1599 1697 sit
1642 1624 1854 1697 haec:
1909 1624 2035 1696 sed
2078 1648 2307 1721 quum
2346 1647 2504 1695 eam
2544 1635 2728 1693 tem-

780 1758 1016 1844 pestas
1066 1758 1466 1816 vetustasve
1504 1747 2013 1834 consumserit,
2055 1757 2293 1815 tamen
2337 1746 2469 1813 erit
2506 1739 2621 1811 his
2651 1743 2729 1811 in

780 1864 957 1936 locis
991 1888 1332 1960 quercuS,
1383 1888 1602 1959 quam
1635 1866 2025 1934 Marianam
2059 1886 2410 1959 quercum
2446 1874 2728 1932 vocent.

657 1996 711 2048 3.
784 1991 926 2051 Att.
1000 1984 1163 2053 Non
1217 1979 1473 2052 dubito
1520 1980 1596 2051 id
1638 1980 1954 2077 quidem.
2056 1980 2193 2053 Sed
2223 1980 2368 2051 hoc
2404 1983 2548 2050 iam
2582 2003 2730 2050 non

785 2125 873 2173 ex
929 2113 1033 2190 te,
1091 2103 1395 2190 Quinte,
1457 2125 1766 2197 quaem,
1822 2125 2075 2172 verum
2128 2125 2217 2171 ex
2264 2103 2424 2198 ipso
2487 2112 2733 2197 poeta;

784 2224 988 2292 tuine
1010 2218 1257 2291 versu‘s
1278 2219 1464 2292 hanc
1487 2245 1837 2317 quercum
1863 2223 2201 2308 severint,
2228 2243 2318 2290 an
2344 2222 2442 2291 ita
2463 2216 2734 2290 factum

784 2340 885 2412 de
934 2344 1200 2428 Mario,
1260 2354 1342 2411 ut
1388 2339 1666 2430 scribiS,
1716 2343 2093 2438 acceperis.
2193 2343 2511 2409 MARCUS.
2597 2343 2739 2409 Re-

786 2459 1162 2560 spondebo
1200 2460 1335 2532 tibi
1366 2459 1733 2558 equidem3
1781 2460 1910 2533 sed
1941 2485 2091 2532 non
2123 2473 2513 2557 antequam
2552 2457 2737 2530 mihi

789 2594 869 2652 tu
896 2583 1055 2677 ipse
1094 2577 1582 2678 responderiS,
1632 2583 1897 2650 Attice:
1950 2593 2238 2651 certene
2270 2586 2297 2624 ²
2340 2603 2489 2649 non
2523 2578 2739 2674 longe

789 2725 832 2772 a
877 2702 1020 2769 tuis
1073 2696 1369 2781 aedibus
1418 2697 1870 2770 inambulans
1918 2712 2080 2797 post
2125 2722 2492 2792 excessum
2529 2721 2742 2769 suum

791 2816 1144 2890 Romulus
1187 2817 1493 2889 Proculo
1541 2817 1722 2888 Iulio
1764 2819 2022 2891 dixerit
2068 2842 2143 2890 se
2184 2817 2402 2891 deum
2440 2842 2622 2907 esse,
2673 2829 2748 2906 et

797 2942 1186 3031 Quirinum
1243 2942 1514 3026 vocari,
1579 2938 2077 3037 templumque
2120 2938 2257 3010 sibi
2306 2937 2619 3010 dedicari
2668 2940 2744 3005 in

797 3085 886 3132 eo
947 3060 1109 3131 loco
1162 3063 1473 3131 iusserit:
1534 3073 1606 3131 et
1652 3083 1996 3131 verumne
2044 3062 2134 3129 sit
2179 3057 2479 3130 Athenis
2518 3070 2543 3108 ³
2590 3079 2738 3127 non

802 3178 1016 3275 longe
1064 3182 1236 3248 item
1296 3202 1336 3249 a
1394 3191 1518 3249 tua
1573 3178 1690 3250 illa
1736 3182 2030 3275 antiqua
2080 3176 2301 3249 domo
2353 3177 2746 3275 Orithyiam

679 3320 733 3370 4.
803 3296 1066 3394 Aquilo
1121 3296 1517 3368 sustulerit:
1584 3302 1687 3369 sic
1741 3303 1934 3370 enim
1993 3313 2099 3371 est
2144 3297 2509 3371 traditum.
2609 3301 2752 3369 Att.

803 3421 1172 3508 Quorsum
1208 3415 1529 3505 tandem,
1572 3432 1698 3488 aut
1728 3442 1859 3488 cur
1889 3421 2022 3488 ista
2059 3417 2387 3513 quaeris?
2485 3420 2582 3489 M.
2633 3417 2756 3487 Ni·-

804 3536 911 3607 hil
948 3560 1147 3625 sane,
1202 3540 1336 3607 nisi
1376 3562 1465 3608 ne
1505 3540 1720 3608 nimis
1750 3536 2129 3635 diligenter
2166 3540 2484 3633 inquiras
2523 3539 2595 3604 in
2632 3558 2753 3622 ea,

808 3681 996 3755 quae
1045 3659 1185 3728 isto
1235 3655 1451 3727 modo
1499 3661 1883 3730 memoriae
1930 3671 2098 3728 sunt
2133 3664 2161 3703 ⁴
2213 3655 2510 3755 prodita.
2610 3657 2757 3724 Att.

811 3782 1034 3875 Atqui
1072 3777 1295 3879 multa
1325 3790 1774 3873 quaeruntur
1807 3782 1882 3848 in
1915 3780 2144 3849 Mario
2176 3775 2434 3847 fictane
2463 3798 2558 3846 an
2590 3797 2759 3845 vera

813 3901 992 3987 sint,
1029 3911 1101 3969 et
1134 3922 1173 3968 a
1213 3896 1611 3987 nonnulliS,
1644 3897 1844 3993 quod
1872 3911 1943 3969 et
1975 3902 2051 3967 in
2085 3898 2354 3968 recenti
2381 3896 2762 3978 memoria,

1024 4075 1173 4079 ὰᾉῗ.
1204 4074 1225 4077 κ.
1274 4072 1454 4079 .—.—..—.

880 4166 892 4198 ¹
930 4160 1081 4211 dixit.
1154 4164 1173 4198 2
1213 4171 1367 4212 certe.
1444 4164 1464 4200 3
1504 4162 1735 4212 iusserit:
1779 4172 1828 4211 et
1865 4161 2097 4213 Athenis.
2174 4165 2195 4200 ⁵
2234 4161 2355 4212 sint.
