3131 5032
839 442 968 506 568
1514 433 1660 503 ιω.
1705 436 1803 522 ιι,
1851 437 1973 522 24,
2020 441 2127 508 60.

1541 655 1817 726 CAPUT
1860 656 2087 724 XXIV.

917 843 961 925 §
1001 843 1103 906 60.
1209 845 1410 905 Cetera
1459 845 1604 903 item
1636 845 1934 925 funebria
1952 888 1971 919 ,
2012 843 2230 923 quibus
2281 843 2475 903 luem
2538 840 2814 926 augetur)

837 949 1005 1022 Quae
1055 966 1132 1006 ex
1177 946 1422 1026 optimis
1459 953 1820 1022 enotantur,
1862 946 2132 1016 funebris
2168 966 2207 1003 a
2244 946 2496 1023 quibus,
2536 954 2599 1005 et
2627 948 2813 1022 funo-

835 1050 1043 1109 bribus
1086 1070 1126 1109 6
1172 1050 1424 1128 quibus,
1464 1068 1591 1108 non
1629 1057 1718 1108 est
1756 1048 1922 1107 varia
1960 1047 2178 1123 lectio,
2219 1047 2324 1106 sed
2360 1050 2659 1109 correctio
2694 1056 2807 1110 tet·

831 1152 1180 1212 minationis
1221 1152 1286 1210 in
1336 1151 1655 1211 adieetivo.
1738 1149 1965 1209 Verum
2003 1157 2204 1209 tamen
2236 1158 2387 1229 puto
2420 1150 2619 1229 ipsum
2655 1151 2774 1214 hoo
2790 1201 2809 1232 ,

815 1256 1114 1335 funebria
1131 1300 1151 1331 ,
1207 1255 1640 1333 interpolatum
1691 1273 1853 1314 esse:
1895 1273 2020 1313 non
2048 1253 2215 1313 enim
2245 1252 2371 1312 dici
2404 1254 2598 1315 solere
2628 1257 2807 1318 eredo

829 1358 961 1416 sine
999 1357 1388 1417 substantivo.

908 1461 1135 1539 excipit
1192 1460 1468 1521 bellicam
1511 1489 1599 1504 ·—-
1641 1455 1908 1539 monem)
2004 1458 2295 1518 Reoenset
2343 1459 2508 1519 inter
2554 1460 2804 1520 militiae

827 1561 1149 1640 privilegia
1182 1562 1413 1642 Taylor.
1450 1561 1528 1621 ad
1563 1561 1770 1640 Lysiae
1804 1559 2082 1639 Epitaph.
2119 1577 2180 1637 p.
2215 1557 2317 1619 62.
2352 1559 2423 1619 R.

911 1673 1051 1721 sunt
1111 1664 1184 1720 in
1245 1663 1473 1743 legibus
1493 1686 1514 1719 .·
1571 1660 1642 1719 de
1689 1658 1969 1739 unctura)
2065 1658 2293 1720 Verum
2351 1659 2570 1720 vidisse
2628 1663 2803 1724 credo

829 1766 1136 1826 Davisium
1146 1812 1163 1841 ‚
1182 1766 1300 1827 hoo
1314 1766 1443 1826 fere
1467 1764 1649 1825 modo
1666 1764 2229 1844 interpungentem:
2254 1764 2430 1823 nullo
2444 1764 2612 1825 enim
2630 1766 2803 1826 modo

828 1868 986 1950 loges
1022 1869 1093 1928 de
1126 1880 1377 1930 undum
1405 1869 1649 1948 probari
1680 1876 1932 1947 poterat.
2013 1867 2164 1927 Tum
2201 1867 2384 1927 verba
2420 1867 2491 1926 de
2524 1882 2771 1930 unctura
2786 1914 2803 1944 ,

826 1980 997 2030 recte
1031 1973 1338 2048 sentiunt,
1378 1972 1489 2051 qui
1518 1971 1778 2048 margini
1806 1970 2016 2029 deberi
2041 1977 2287 2047 putant,
2323 1969 2550 2048 quibus
2579 1972 2647 2031 in
2679 1991 2800 2031 ver·

826 2073 1048 2133 borum
1112 2076 1329 2133 seriem
1396 2074 1655 2151 receptis
1718 2072 1997 2134 additum
2048 2071 2239 2132 fuerit
2296 2092 2467 2152 quae.
2566 2072 2800 2134 Restant

826 2176 1052 2253 igitur,
1112 2183 1184 2235 ut
1233 2195 1380 2235 vere
1430 2175 1705 2235 Tulliana
1724 2221 1743 2252 ,
1799 2194 1927 2234 non
1979 2175 2096 2233 nisi
2160 2175 2348 2250 haec,
2403 2177 2643 2237 servilis
2692 2196 2798 2235 σηι-

826 2288 996 2336 ctura
1032 2288 1074 2337 t.
1102 2309 1185 2321 —-
1217 2277 1679 2356 Circumpotatio
1718 2278 1952 2337 servavi
1997 2296 2144 2355 prae
2192 2279 2383 2344 altero
2426 2278 2621 2361 (quod
2655 2299 2799 2340 uuus

826 2398 1106 2439 meorum
1159 2378 1344 2439 habet
1361 2425 1380 2455 ,
1433 2379 1677 2458 Lagom.
1728 2379 1835 2460 39)
1880 2383 2400 2461 circumportati&
2442 2390 2503 2441 et
2535 2381 2798 2443 defendit

828 2481 1164 2561 Madvigius
1213 2480 1550 2543 Emendatt.
1603 2501 1666 2562 p.
1716 2482 1820 2544 79.
1864 2501 1953 2562 sq.
2035 2481 2110 2542 In
2143 2482 2561 2544 Kirehmanno
2592 2484 2795 2544 Funer.

828 2585 947 2662 IV,
1005 2589 1082 2661 5,
1133 2586 1292 2645 1111111
1337 2585 1606 2663 reperio,
1662 2585 1830 2665 quod
1874 2586 1952 2646 ad
1997 2585 2184 2664 ipsius
2202 2589 2457 2666 saneris
2496 2586 2795 2647 sollemnia

826 2687 1046 2747 referri
1108 2688 1324 2766 possit5
1387 2689 1537 2748 alias
1584 2689 1787 2767 potius
1853 2688 2062 2766 epulas
2113 2690 2529 2768 persequitur,
2588 2688 2795 2769 quibus

825 2790 1135 2870 parentari
1168 2790 1447 2850 manibus
1481 2790 1731 2852 solebat.
1813 2790 2013 2851 Utitur
2057 2792 2609 2871 circumpotasionis
2637 2810 2794 2852 voea-

826 2893 977 2953 111110
1007 2892 1083 2952 ad
1116 2892 1547 2971 explicandum
1580 2897 1993 2972 σι’μπεριφορά
2009 2893 2516 2972 Wyttenbaehius
2542 2895 2619 2955 ad
2644 2895 2792 2954 Plut-

773 2991 784 3000 “
827 2994 1083 3055 archum
1117 2995 1321 3056 Praeo.
1370 2997 1553 3056 Sanit.
1595 3015 1656 3074 p.
1703 2996 1856 3071 124,
1898 2996 1942 3054 B
1963 3042 1980 3072 ,
2023 2996 2333 3074 refertque
2366 2997 2445 3057 ad
2487 2998 2793 3077 epularum

827 3098 1340 3158 conversationem
1361 3123 1377 3174 3
1422 3098 1606 3177 quale
1654 3096 1807 3177 quid
1840 3096 1907 3158 11.
1942 3098 1984 3158 1.
2024 3097 2495 3176 intelligendum
2523 3099 2760 3159 videtur
2771 3120 2789 3173 3
2918 3169 2928 3184 ⁶

826 3221 1032 3280 nequo
1081 3200 1232 3279 legis
1268 3201 1430 3260 illud
1469 3200 1832 3261 vocabulum
1868 3208 2030 3275 erat,
2071 3200 2177 3261 sed
2210 3221 2342 3260 rem
2377 3202 2569 3280 ipsam
2602 3203 2793 3262 cicero

826 3325 936 3365 suo
971 3324 1142 3364 more
1178 3304 1428 3366 indicat.
1512 3305 1828 3363 Potionem
1872 3306 2250 3382 circumsessi
2288 3313 2588 3366 memorat
2620 3304 2792 3364 varro

822 3405 890 3467 1..
930 3409 994 3468 L.
1029 3406 1100 3468 V.
1138 3428 1198 3485 p.
1242 3407 1376 3468 127.
1460 3407 1713 3482 Contra,
1749 3409 2260 3488 circumportatio,
2298 3408 2693 3491 (quamquam
2721 3406 2792 3464 de

825 3509 1014 3569 verbo
1063 3511 1443 3590 circumferre
1485 3509 1664 3570 docte
1706 3510 1980 3588 exposuit
2028 3511 2365 3572 Gronovius
2404 3512 2567 3573 Leot.
2609 3510 2787 3570 Plaut.

822 3628 885 3688 p.
910 3609 1010 3690 17)
1028 3631 1228 3690 neque
1257 3612 1333 3672 ad
1364 3612 1632 3686 luctum,
1661 3632 1863 3691 neque
1896 3612 1974 3672 ad
2006 3621 2272 3672 sumtum
2303 3612 2649 3690 augendum
2669 3630 2789 3691 por·

823 3711 1025 3771 tinere
1044 3712 1244 3790 potuit
1254 3758 1272 3787 ,
1290 3733 1549 3791 quorum
1575 3721 1776 3773 tamen
1798 3732 1976 3774 eausa
1996 3714 2147 3775 haee
2168 3716 2368 3776 omnia
2395 3714 2787 3794 disputantur.

907 3833 983 3872 ne
1031 3825 1334 3874 sumtuosa
1388 3817 1671 3893 respersio
1722 3849 1802 3862 —·
1842 3814 2313 3895 praetereantur)
2389 3815 2547 3876 Haeo
2585 3813 2790 3875 Madvi-

825 3917 962 3996 gius
995 3917 1037 3978 l.
1073 3936 1127 3977 o.
1166 3917 1251 3977 ita
1294 3918 1755 3996 interpretatur:
1800 3917 1954 3978 »illa
2001 3919 2379 3995 omittamus,
2434 3937 2592 3996 quae
2624 3933 2788 3995 prae-

828 4045 860 4079 n
883 4022 1235 4101 cipiantur,
1294 4041 1374 4081 116
1428 4028 1733 4081 sumtuosa
1782 4023 2074 4102 respersio
2123 4023 2201 4081 sit
2254 4024 2441 4081 oet.:'’
2499 4021 2668 4100 quasi
2722 4037 2788 4075 ne

825 4137 996 4187 tunae.
1032 4146 1178 4205 resp.
1212 4134 1534 4204 ceteraque
1568 4125 1717 4203 legis
1742 4126 1922 4189 verba
1952 4134 2147 4187 essent
2163 4170 2182 4202 ,
2215 4145 2405 4187 unum
2432 4135 2781 4206 praetereas·
