3131 5032
847 405 976 471 364
1532 401 1686 468 Lm·
1720 400 1785 486 1,
1839 404 1952 479 11,
1998 404 2104 471 31.

919 611 961 691 §
1003 611 1102 671 31.
1186 611 1292 689 qui
1343 611 1547 669 ducem
1599 621 1873 669 naturam
1925 608 2161 690 nactus)
2240 610 2468 689 Optimi
2506 614 2628 672 mei
2664 613 2811 673 libri

836 713 1123 773 omittunt
1155 723 1464 788 naturam,
1508 719 1639 770 tum
1674 712 1881 789 plures
1913 710 1978 769 in
2024 710 2292 771 clausula
2324 712 2549 773 habeut
2574 728 2805 795 posset:

833 834 1152 895 perperam
1182 822 1531 894 utrumque.
1616 812 1983 872 Sententiam
2003 812 2160 873 bene
2185 814 2432 892 exponit
2447 815 2805 895 Wagner-us.

835 917 1157 979 Concludit
1209 925 1413 978 autem
1467 917 1552 976 sic
1603 916 1762 974 hanc
1813 916 2393 992 argumentationem
2441 917 2521 978 de
2560 921 2809 980 rationis

831 1023 1113 1083 societate
1160 1021 1479 1081 hominum
1528 1019 1691 1077 inter
1736 1018 1925 1098 ipsos,
1967 1020 2289 1097 quoniam,
2334 1029 2400 1080 ut
2434 1042 2609 1101 saepe
2645 1023 2805 1083 dici-

834 1134 972 1201 tur,
1013 1124 1174 1184 nihil
1209 1123 1380 1182 aliud
1410 1129 1500 1180 est
1533 1123 1757 1195 vinus,
1798 1119 1915 1178 nisi
1941 1122 2213 1201 perfecta
2243 1125 2417 1183 ratio.

1607 1323 1878 1392 CAPUT
1921 1324 2030 1391 XI.

912 1539 982 1594 in
1005 1539 1182 1597 rectis
1206 1566 1286 1579 —
1316 1538 1384 1594 in
1405 1530 1837 1615 pravitatibus)
1876 1531 2245 1595 Incredibile
2273 1554 2430 1614 pene
2471 1546 2560 1597 est
2593 1557 2799 1617 quem·

828 1660 1012 1720 quam
1067 1640 1217 1700 huic
1271 1638 1696 1717 integerrimae
1746 1637 1996 1697 lectioni
2045 1638 2396 1716 praetulisse
2446 1651 2802 1721 corruptum

819 1746 1034 1825 pravis
1084 1745 1347 1804 actibus.-
1390 1762 1594 1821 neque
1633 1742 1750 1802 hoc
1782 1741 2162 1821 probandtuu
2182 1787 2200 1818 ,
2241 1744 2407 1821 quod
2441 1744 2803 1806 Goerenzius

830 1856 892 1907 et
959 1847 1216 1907 Moserus
1255 1848 1588 1927 pravitates
1644 1845 2070 1923 explicuerunt
2132 1865 2260 1906 esse
2327 1850 2624 1923 νοσήματα
2696 1858 2803 1909 aut

829 1950 1234 2029 ἅῤῥωςήματα·
1291 1956 1552 2027 suntque
1586 1949 1780 2022 vitia,
1822 1948 1923 2007 Gr.
1975 1956 2205 2015 κακίαι,
2264 1949 2453 2029 (conf.
2486 1950 2652 2010 Tusc.
2682 1950 2801 2029 IV,

833 2052 947 2111 13:
989 2051 1231 2125 Fin.11‚
1273 2052 1349 2127 9,
1390 2051 1493 2111 27.
1541 2050 1648 2125 18,
1690 2047 1824 2129 58),
1868 2058 1929 2110 et
1954 2049 2020 2110 in
2055 2050 2436 2112 deformitate
2470 2063 2801 2132 ponuntur,

830 2162 939 2214 aut
989 2155 1053 2212 in
1089 2153 1488 2231 discrepantia
1523 2153 1792 2231 partium
1832 2153 1991 2213 inter
2028 2173 2110 2215 se.
2193 2155 2378 2232 Tum,
2419 2176 2602 2234 quam
2636 2165 2802 2217 recte

816 2278 1014 2338 prava
1046 2257 1224 2316 rectis
1256 2264 1657 2334 opponantur,
1695 2276 1769 2315 ex
1801 2257 2045 2335 propria
2076 2258 2401 2318 verborum
2426 2259 2800 2337 significatio·

829 2381 945 2437 ne,
999 2361 1214 2440 pulcre
1265 2359 1445 2420 docet
1508 2360 1845 2420 Gronovius
1902 2360 1979 2419 ad
2032 2361 2271 2420 Livium
2306 2360 2423 2437 IV,
2464 2362 2581 2438 26,
2623 2365 2681 2425 6.
2719 2396 2799 2408 -

830 2464 981 2525 Cum
1036 2465 1319 2524 universo
1370 2464 1487 2524 hoc
1536 2464 1670 2524 loco
1722 2464 1831 2544 qui
1885 2465 2159 2544 sequitur
2207 2464 2462 2526 mirifice
2503 2467 2803 2548 conspirat

829 2568 1130 2628 Musonius
1162 2567 1397 2627 Stobaei
1431 2567 1645 2643 XXIX,
1686 2565 1766 2627 78
1803 2567 1987 2649 (Tom.
2024 2568 2106 2628 11.
2142 2588 2204 2647 p.
2228 2567 2357 2649 19):
2395 2574 2547 2648 ὅμως
2589 2571 2654 2631 δὲ
2699 2579 2797 2630 καὶ

828 2675 992 2730 ταῦτ’
1053 2672 1438 2744 ὑπειληφότες
1491 2673 1594 2728 aad
1648 2673 1749 2744 τήν
1803 2672 1919 2730 ἀπὸ
1978 2675 2202 2731 παίδων
2260 2676 2449 2739 εὐθύς
2501 2687 2799 2755 γεγονυῖαν

830 2775 967 2850 ἡμῖν
1020 2776 1386 2851 διαφθοράν,
1449 2779 1548 2831 καὶ
1604 2776 1705 2846 τήν
1762 2776 1873 2833 ὑπὸ
1929 2780 2028 2847 τῆς
2085 2778 2423 2854 διαφθορᾶς
2478 2780 2798 2852 συνήθειαν

828 2878 1085 2954 πονηράν
1101 2922 1119 2951 ,
1151 2880 1333 2934 πόνου
1361 2874 1468 2952 μὲν
1504 2879 1980 2955 προσερχομένου
2013 2884 2190 2938 κακὸν
2223 2879 2526 2960 ἡγούμεθα
2555 2884 2789 2960 προσέρ-

827 2987 1054 3053 χεσθαι
1092 2983 1343 3046 ἑαυτοῖς·
1386 2982 1591 3054 ἡδονῆς
1626 2979 1692 3040 δὲ
1729 2983 2196 3060 παραγενομένης
2234 2984 2463 3063 ἀγαθὸν
2502 2986 2798 3064 ἡγούμεθα

828 3089 1298 3163 παραγίγνεσθαι
1338 3084 1494 3160 ἡμῖν·
1534 3090 1633 3141 καὶ
1675 3086 1775 3141 τὸν
1812 3082 1918 3159 μὲν
1954 3088 2216 3142 θάνατον
2255 3087 2331 3152 ὡς
2369 3088 2623 3161 ἐσχάτην
2654 3111 2789 3165 συμ-

829 3191 1017 3266 φορὰν
1070 3195 1465 3265 πεφρίκαμεν,
1523 3189 1625 3259 τήν
1672 3183 1738 3245 δὲ
1793 3188 1938 3260 ζωήν
1992 3189 2069 3252 ὡς
2120 3192 2233 3247 τῶν
2274 3190 2513 3269 ἀγαθῶν
2554 3194 2796 3270 μέγιςον

830 3292 1215 3364 ἀσπαζόμεθα
1254 3314 1306 3347 κ.
1347 3311 1399 3347 τ·
1444 3294 1493 3350 λ.
1834 3356 1835 3359 ¹

908 3414 1047 3452 nam
1096 3403 1152 3451 et
1203 3393 1496 3473 voluptate
1539 3394 1862 3472 capiuntur
1907 3393 2127 3475 omnes)
2184 3392 2536 3463 *particulae
2569 3407 2625 3456 et
2658 3416 2797 3457 mox

829 3495 1146 3575 respondet
1176 3496 1479 3575 similique
1512 3498 1798 3556 inscitia:
1833 3495 1899 3556 in
1935 3517 2060 3576 quo
2087 3498 2304 3558 liandii
2339 3520 2603 3561 errorem
2636 3508 2799 3560 recte

832 3599 1033 3677 arguit
1068 3598 1402 3676 Madvigius
1431 3620 1505 3660 eo
1533 3599 1669 3661 loco
1686 3646 1704 3676 ‚
1733 3620 1919 3678 quem
1953 3601 2133 3661 modo
2166 3601 2242 3662 ad
2275 3602 2319 3685 ς
2343 3603 2425 3665 30
2456 3603 2559 3666 fin.
2596 3605 2794 3665 citavi.

912 3700 1082 3759 habet
1133 3702 1414 3780 quiddam
1466 3705 1664 3764 simile
1724 3706 2018 3763 naturalis
2065 3705 2231 3787 honi)
2309 3706 2441 3766 Non
2478 3716 2610 3767 erat
2639 3706 2798 3787 quod

831 3804 938 3865 alii
970 3804 1350 3883 praeferrent
1396 3807 1663 3866 naturali
1706 3807 1874 3868 hono.
1956 3808 2084 3869 Pin.
2112 3806 2187 3885 V,
2236 3809 2344 3884 14,
2387 3810 2504 3886 38,
2547 3812 2795 3885 hestiae,

832 3911 903 3967 in
956 3909 1170 3988 quibus
1222 3910 1376 3969 inest
1420 3910 1656 3989 aliquid
1704 3912 1899 3970 simile
1949 3914 2212 3973 vanuiis.
2292 3913 2484 3992 Supra
2537 3914 2796 3975 indicavi

833 4008 1117 4087 Madvigii
1165 4007 1244 4068 de
1292 4009 1407 4070 hac
1462 4011 1692 4089 syntaxi
1743 4010 2228 4090 disputationem.
2310 4015 2426 4076 Sed
2481 4036 2796 4096 perperam

833 4113 1001 4173 hunc
1022 4112 1227 4173 locum
1255 4112 1514 4173 contulit
1539 4113 1899 4178 Goerenzius
1923 4117 2002 4177 ad
2027 4117 2153 4180 Fin.
2184 4116 2266 4195 V,
2312 4120 2419 4197 16,
2465 4120 2571 4180 45:
2615 4141 2796 4200 quem
