3131 5032
816 424 947 489 462
1516 417 1659 484 Lm.
1704 415 1802 501 11,
1855 422 1924 494 1,
1969 421 2033 485 3.

810 628 1085 709 exempla
1144 626 1529 708 proferantur
1542 671 1561 702 ,
1631 622 1857 703 putabo
1914 621 2262 683 Ciceronem
2319 622 2603 682 scribere
2651 643 2765 684 non

808 733 1068 813 potuisse
1125 752 1246 791 mm
1300 732 1392 789 ito
1452 728 1733 809 attingit,
1793 725 1908 785 nisi
1970 723 2127 785 forte
2183 725 2252 785 iu
2310 725 2766 805 comparatione

810 835 1060 912 diserta,
1105 842 1174 894 ut
1211 853 1333 892 non
1369 843 1490 891 tom
1527 863 1610 876 —
1651 849 1847 909 quam.

887 941 947 999 si
977 959 1176 999 verum
1207 930 1489 1014 dicimus)
1568 932 1729 992 Bene
1767 929 2042 990 defendit
2079 929 2231 990 haec
2264 929 2645 990 Goerenzius
2672 928 2762 990 ad·

806 1060 1011 1102 versus
1060 1039 1280 1106 Davisii
1328 1046 1389 1098 et
1439 1034 1672 1095 Ernesti
1718 1033 2147 1093 dubitationes:
2207 1033 2373 1094 cons.
2424 1032 2664 1094 Cortius
2694 1031 2760 1091 ad

805 1143 952 1223 Epp.
1006 1142 1084 1203 ad
1128 1142 1258 1200 Div.
1288 1139 1428 1214 XII,
1473 1137 1539 1212 8,
1580 1136 1652 1213 2,
1692 1134 1883 1196 Beier.
1918 1133 1996 1195 ad
2027 1133 2190 1196 Offic.
2217 1135 2355 1211 2111,
2398 1134 2520 1210 20,
2560 1133 2671 1195 80:
2708 1142 2763 1194 et

806 1267 938 1306 vere
977 1247 1171 1306 dicam
1189 1290 1207 1320 ,
1248 1242 1326 1302 de
1360 1261 1485 1320 quo
1516 1239 1794 1299 Garaton.
1831 1236 1906 1296 ad
1941 1237 2100 1298 Sext.
2129 1236 2204 1314 9,
2229 1237 2329 1299 22.
2419 1280 2428 1288 -

889 1348 989 1409 laic
1033 1350 1192 1407 enim
1245 1347 1363 1405 orti
1393 1376 1475 1388 —
1505 1338 1733 1421 sumus)
1812 1339 2084 1401 Primum
2123 1340 2533 1402 omittendam
2563 1359 2758 1401 oemeo

809 1450 905 1533 (ut
938 1453 1004 1511 in
1031 1450 1081 1508 D
1115 1444 1434 1527 omittitur)
1464 1453 1616 1525 part.
1651 1448 1844 1521 enim,
1884 1465 2044 1526 quae
2089 1445 2489 1524 interrumpit
2516 1445 2761 1523 anapho-

807 1576 963 1617 ram:
1022 1561 1164 1615 sunt
1207 1552 1373 1614 enim
1421 1552 1574 1610 haec
1625 1550 1844 1609 arctius
1863 1594 1879 1623 ,
1937 1549 2066 1607 sine
2114 1548 2316 1608 media
2343 1549 2757 1622 distinctione,

807 1657 1218 1719 continuanda
1261 1674 1404 1716 cum
1458 1653 1579 1712 illis
1589 1698 1608 1728 ‚
1658 1652 1801 1713 hoec
1834 1663 1920 1711 est
1948 1672 2078 1710 mea
2104 1682 2182 1696 -—
2206 1656 2425 1732 patria
2443 1698 2462 1729 ,
2508 1653 2759 1730 itemque

808 1782 950 1824 cum
982 1761 1269 1841 reliquis,
1310 1776 1501 1837 usque
1537 1754 1617 1815 ad
1648 1777 1768 1814 esse
1792 1767 2000 1815 natum
2016 1800 2034 1830 ,
2074 1754 2241 1833 quod
2274 1752 2758 1835 interpungendo

807 1864 1097 1925 indicavi.
1196 1864 1317 1923 Hic
1371 1861 1602 1921 servavi
1658 1878 1732 1918 ex
1782 1858 2024 1938 optimis
2071 1858 2257 1935 meis,
2317 1867 2384 1918 et
2434 1859 2526 1918 sic
2572 1856 2758 1917 citavit

809 1968 1084 2046 Sigonius
1116 1964 1193 2025 ad
1225 1966 1351 2023 Liv.
1396 1962 1477 2022 lv
1494 2008 1513 2039 ,
1559 1962 1625 2038 1,
1666 1961 1735 2036 2,
1777 1960 2128 2040 falliturque
2163 1961 2458 2038 Umerus,
2499 1961 2609 2041 qui
2633 1960 2757 2019 bino

810 2068 1142 2130 desiderari
1193 2066 1373 2126 dicit:
1431 2062 1716 2124 satisfacit
1759 2064 1855 2138 ei,
1905 2064 2073 2144 quod
2120 2065 2283 2140 vult,
2321 2068 2512 2147 stirpe
2546 2065 2755 2142 antiqu.

814 2174 938 2233 Nee
985 2169 1393 2250 spernendum
1423 2175 1545 2243 est,
1586 2165 1749 2244 quod
1784 2167 1850 2226 in
1880 2167 1955 2225 iis
1985 2166 2191 2243 libris,
2232 2187 2386 2246 quos
2420 2176 2660 2229 wcutus
2680 2171 2757 2223 est

810 2275 1130 2349 Gruterus,
1170 2273 1395 2350 legitur
1411 2270 1858 2348 antiquissima,
1901 2289 2022 2330 non
2048 2269 2283 2330 adiecto
2307 2292 2536 2332 sumus.
2603 2268 2752 2329 scili·

808 2385 910 2438 cet
943 2374 1270 2455 legendum
1297 2374 1548 2451 antiqua
1568 2392 1798 2431 sumus:
1832 2372 1990 2432 illud
2022 2374 2230 2433 mendi
2253 2395 2450 2454 genus
2481 2374 2753 2452 frequen-

809 2481 1100 2542 tissimum
1150 2486 1257 2540 est.
1337 2477 1409 2536 Et
1439 2495 1582 2537 sane
1612 2476 1750 2535 satis
1784 2484 1911 2537 erat
1944 2476 2215 2539 Ciceroni
2246 2477 2455 2540 dicere
2483 2478 2747 2556 antiqua:

811 2585 1070 2645 alterum
1117 2601 1341 2642 vanum
1377 2587 1550 2658 esset,
1604 2580 1762 2640 conf.
1803 2580 1968 2640 Brut.
2015 2581 2127 2658 16,
2169 2582 2276 2643 62:
2319 2604 2467 2643 nam
2507 2583 2666 2641 Tusc.
2699 2577 2750 2651 1,

817 2687 922 2762 16,
952 2684 1062 2762 38,
1100 2685 1300 2745 iocans
1325 2682 1622 2762 loquitur;
1657 2682 1815 2743 cons.
1847 2681 2094 2743 Corradi
2118 2685 2450 2759 Quaestum
2476 2684 2649 2766 p.24.
2674 2699 2748 2758 sq·

893 2788 993 2848 laic
1040 2806 1211 2848 sacra
1225 2830 1244 2861 ,
1302 2784 1400 2845 laio
1441 2783 1657 2866 genus)
1757 2783 2077 2865 Pel-peram
2137 2788 2477 2849 Gronovius
2527 2801 2749 2868 quoque

814 2890 952 2952 obs.
990 2889 1057 2968 1,
1101 2889 1175 2966 8,
1214 2889 1362 2948 citat
1408 2886 1507 2948 laio
1552 2908 1727 2970 gene,
1785 2888 1886 2950 laio
1927 2910 2117 2950 sacra.
2208 2891 2492 2952 Ceterum
2524 2910 2642 2951 non
2671 2886 2748 2943 in·

806 2994 1166 3073 tempestiva
1209 2999 1333 3053 tota
1365 2991 1518 3051 haec
1553 2992 1873 3071 explicatio
1889 3038 1906 3068 ,
1947 2993 2175 3072 quippe
2204 2995 2308 3054 vix
2340 2995 2563 3056 Brutus
2595 2995 2748 3051 norat

809 3098 990 3158 cuius
1023 3104 1169 3157 esset
1202 3095 1523 3174 municipii
1554 3095 1788 3157 Cicero:
1832 3093 1911 3156 ad
1934 3095 2062 3158 Div.
2099 3096 2276 3174 xm,
2321 3098 2416 3159 11.
2455 3098 2587 3157 init.

896 3201 1119 3260 lautius
1137 3196 1534 3277 aedificatam)
1587 3199 1703 3273 Qui
1725 3200 1906 3259 lotias
1921 3199 2293 3279 praeferunt,
2308 3209 2567 3261 utuntur
2587 3212 2745 3276 eppo·

812 3302 1028 3363 sitione
1049 3322 1244 3383 parva
1267 3302 1431 3362 villo.
1511 3302 1626 3362 Sed
1654 3303 1919 3380 primum
1933 3323 2130 3383 parva
2159 3305 2307 3364 villa
2331 3303 2592 3381 intelligi
2617 3315 2742 3377 quo·

815 3424 939 3484 que
969 3404 1165 3465 tenuis
1179 3410 1397 3483 potest,
1424 3413 1486 3464 et
1513 3406 1576 3464 in
1596 3405 1776 3465 Curio
1800 3414 1967 3465 certe
2000 3404 2205 3466 debet:
2248 3416 2379 3468 tum
2413 3407 2598 3485 magis
2622 3419 2740 3462 con·

814 3508 986 3567 *venit
1006 3507 1201 3567 modio
1220 3506 1399 3565 Marci
1418 3508 1630 3586 patris,
1653 3506 1876 3566 lautius
1896 3515 1962 3566 ut
1980 3506 2346 3585 aedificaret,
2362 3528 2544 3588 quam
2563 3506 2739 3565 latim.

895 3621 965 3667 ut
1013 3608 1122 3667 ina
1176 3609 1442 3668 Curiana
1488 3612 1560 3668 in
1614 3608 1887 3690 Sabinis)
1982 3610 2310 3672 Ambitiosa
2364 3606 2740 3691 comparatiog

819 3728 959 3770 nam
1009 3708 1223 3768 Curius
1264 3728 1508 3787 quoque
1556 3710 1788 3789 primus
1833 3730 1907 3769 ex
1952 3710 2058 3771 illa
2107 3712 2335 3773 familia
2390 3710 2740 3774 consulatum

820 3811 1070 3892 adeptus
1102 3816 1264 3870 erat:
1304 3810 1463 3871 conf.
1497 3810 1764 3871 lim-aen.
1801 3810 1875 3889 8,
1921 3812 2015 3874 17.
2056 3814 2203 3874 Sull.
2242 3816 2310 3889 7,
2350 3816 2447 3876 23.

905 3917 975 3976 in
1024 3916 1223 3974 animo
1277 3936 1349 3975 ae
1392 3935 1568 3974 semu
1601 3912 1751 3996 meo)
1830 3915 2062 3977 Dicitur
2105 3936 2178 3977 ex
2213 3918 2645 3987 cumulatione,
2680 3911 2741 3967 ut

822 4021 982 4082 Orat.
1017 4020 1079 4096 1,
1117 4018 1193 4095 2,
1232 4018 1299 4093 6,
1341 4019 1539 4078 animo
1578 4029 1634 4078 et
1667 4021 2054 4101 cogitatione.-
2096 4021 2243 4083 ibid.
2278 4022 2354 4100 3,
2398 4021 2506 4097 12,
2545 4009 2735 4076 inuui-

819 4127 1026 4207 gentia
1058 4144 1391 4202 sensusque.
1469 4122 1588 4182 Sed
1619 4123 1756 4185 satis
1786 4124 1937 4184 haec
1969 4131 2110 4187 nota
2136 4133 2293 4187 sunt.
2372 4125 2544 4185 Illam
2573 4108 2738 4181 animi
