3131 5032
788 456 917 521 385
1464 455 1608 522 Lm.
1656 455 1723 540 1,
1775 457 1887 541 14,
1937 460 2044 524 40.

784 660 998 741 (quam
1045 659 1464 740 perantiquam
1500 681 1628 722 esse
1680 681 1916 721 necesse
1964 666 2087 736 est,
2142 658 2443 739 siquidem
2489 661 2620 721 eius
2669 662 2739 724 in

783 763 955 822 nullo
1005 763 1162 824 libro
1210 762 1511 823 indicium
1558 762 1770 846 exstat)
1810 762 2127 824 interierit.
2208 764 2372 838 Quae
2419 764 2485 823 in
2529 764 2736 825 moseri

779 865 1046 926 editione
1092 872 1504 927 memorantur
1551 867 1820 927 virorum
1865 866 2180 928 doctorum
2213 867 2557 946 opiniones,
2597 888 2737 944 eae,

777 976 849 1027 ut
897 969 1096 1029 lenius
1147 968 1374 1045 dicam,
1423 978 1530 1031 aut
1561 969 1880 1030 calidiores
1914 978 2086 1046 sunt,
2128 977 2232 1030 aut
2265 971 2445 1029 etiam
2481 970 2737 1032 leviores

777 1092 961 1152 quam
1012 1069 1263 1133 decebat
1311 1094 1409 1133 eos
1426 1119 1445 1149 ,
1502 1075 1612 1153 qui
1664 1075 1897 1135 intente
1940 1074 2123 1135 totius
2164 1073 2581 1152 disputationis
2618 1075 2734 1135 iter

773 1177 1176 1237 observarent.
1256 1177 1341 1236 De
1386 1177 1664 1237 Turnebo
1704 1186 1892 1239 taceo.
1975 1177 2148 1253 Quod
2183 1179 2250 1236 in
2284 1177 2491 1237 multis
2522 1177 2734 1239 editio·

771 1280 952 1342 nibus
977 1281 1254 1359 ponitur,
1294 1305 1325 1338 n
1341 1279 1543 1340 deesse
1568 1281 1671 1341 hic
1693 1280 1987 1341 nonnulla
2008 1281 2087 1340 de
2113 1281 2343 1360 peceati
2366 1281 2732 1342 conscientia

771 1389 882 1442 »et
931 1381 1010 1442 de
1060 1383 1357 1443 scelerum
1419 1383 1629 1461 poenis
1646 1428 1665 1457 ,
1722 1402 1905 1461 quam
1962 1381 2223 1460 improbi
2283 1381 2441 1461 apud
2505 1381 2733 1444 inferos

771 1485 1061 1563 »luant;²'
1103 1505 1174 1546 ea
1207 1487 1332 1566 ipsa
1364 1493 1504 1545 sunt
1539 1504 1697 1566 quae
1731 1504 1872 1544 mox
1908 1491 2270 1561 tractantur,
2312 1504 2427 1545 nec
2460 1485 2730 1547 absumta

768 1588 837 1647 in
868 1588 1087 1649 lacuna
1131 1588 1254 1648 dici
1302 1597 1574 1668 possunt:
1616 1589 1812 1649 multo
1853 1588 2055 1648 minus
2099 1597 2344 1668 apparet
2391 1608 2514 1669 quo
2549 1589 2731 1650 modo

763 1691 922 1753 haec
954 1693 1082 1771 ipsa
1113 1713 1255 1753 cum
1297 1691 1614 1754 antecedd.
1662 1692 2043 1753 cohaereant.
2122 1690 2428 1751 Eruditius
2461 1693 2729 1772 Wagne-

762 1816 895 1856 rus:
936 1815 1043 1872 ea,
1093 1816 1251 1876 quae
1297 1796 1777 1872 interciderunt,
1818 1795 1998 1856 fuisse
2044 1796 2175 1855 eius
2208 1796 2578 1875 argumenti,
2620 1817 2724 1859 cu-

763 1900 863 1960 ius
903 1899 1206 1960 Platonica
1252 1900 1432 1978 Legg.
1477 1898 1558 1959 IV
1570 1947 1589 1976 ‚
1629 1920 1689 1978 p.
1735 1898 1883 1977 713,
1923 1918 2050 1979 sqq.
2087 1906 2149 1958 et
2183 1899 2259 1974 X,
2298 1919 2361 1978 p.
2397 1898 2555 1975 906,
2594 1909 2725 1959 tum

761 2001 1130 2083 Porphyrius
1158 2002 1386 2062 Stobae.
1404 2001 1564 2077 XXI,
1606 2023 1667 2081 p.
1699 2001 1832 2063 184.
1914 2001 2101 2081 Atqui
2134 2003 2199 2061 in
2231 2001 2434 2080 priore
2468 2002 2727 2065 Platonis

764 2103 901 2164 loco
935 2105 1133 2183 agitur
1171 2103 1248 2163 de
1296 2104 1474 2164 Croni
1518 2106 1791 2165 instituto
1807 2150 1826 2181 ,
1866 2106 1973 2184 qui
2013 2105 2331 2166 daemones
2368 2106 2727 2185 praefecerit

760 2206 1042 2265 humanis
1096 2206 1475 2266 societatibus
1491 2232 1508 2285 3
1569 2215 1702 2266 tum
1762 2215 2130 2267 memoratur
2187 2209 2590 2268 controversia
2646 2207 2723 2268 de

760 2309 1013 2370 consilio
1062 2309 1269 2388 legum
1280 2355 1299 2386 ,
1351 2317 1411 2369 et
1459 2310 1606 2370 iuris
1649 2318 1709 2369 et
1758 2310 2050 2386 iniuriae,
2092 2318 2154 2371 et
2185 2311 2482 2371 refutatur
2513 2332 2723 2372 eorum

758 2413 943 2490 ratio,
983 2414 1091 2493 qui
1128 2421 1343 2493 putant
1376 2413 1617 2492 imperii
1650 2433 1861 2490 causa,
1903 2434 2025 2474 non
2060 2414 2375 2474 universae
2403 2417 2495 2474 rei
2527 2415 2723 2495 publi-

759 2537 902 2593 cae,
960 2518 1122 2596 leges
1170 2518 1484 2596 constitui5
1543 2527 1792 2594 contra,
1850 2520 2263 2597 magistratum
2313 2541 2555 2581 servum
2603 2542 2725 2583 eoee

645 2694 648 2697 Ι
756 2621 967 2699 legum
1001 2629 1310 2699 oporter03
1354 2642 1532 2700 porro
1568 2621 1646 2682 de
1679 2623 2192 2701 obtemperatione
2219 2623 2485 2702 legibus,
2527 2624 2725 2704 deque

757 2725 968 2801 poenis
1002 2742 1211 2782 eorum
1247 2724 1354 2802 qui
1382 2724 1730 2802 negligunt,
1774 2724 1851 2785 de
1880 2726 2103 2803 pietate
2130 2745 2272 2805 erga
2299 2725 2467 2803 deos,
2506 2734 2721 2788 cetera.

759 2826 966 2885 Altero
1012 2825 1145 2885 loco
1187 2827 1385 2903 agitur
1415 2825 1492 2887 de
1527 2828 1811 2907 opinione
1844 2849 2053 2889 eorum
2072 2875 2089 2905 ‚
2130 2829 2238 2909 qui
2274 2829 2416 2890 deos
2447 2830 2729 2910 precibus

759 2930 1154 3007 cantibusque
1176 2927 1340 2988 flecti
1366 2950 1535 3008 posse
1563 2931 1903 2991 existimant
1931 2941 2000 2992 ut
2024 2934 2182 2994 male
2209 2933 2380 2993 factis
2399 2935 2722 3013 ignoscant.

762 3031 1068 3093 Postremo
1122 3030 1485 3111 Porphyrius
1535 3032 1659 3109 agit
1707 3033 1783 3091 de
1832 3035 2126 3096 sententia
2168 3034 2354 3095 huius
2386 3036 2722 3116 praecepti,

762 3139 954 3216 γνῶθι
987 3140 1251 3194 σεαυτόν.
1327 3135 1598 3213 Intelligi
1638 3144 1785 3214 puto
1814 3136 1974 3196 nihil
2005 3138 2226 3198 horum
2255 3140 2548 3200 eiusmodi
2575 3160 2726 3216 eme,

761 3248 832 3300 ut
862 3239 1162 3300 Ciceronis
1195 3239 1782 3316 argumentationem
1815 3240 2068 3319 expleat.
2150 3242 2575 3319 Goerenzium,
2616 3243 2725 3324 qui

764 3362 1102 3404 sermonem
1159 3342 1339 3402 fuisse
1399 3349 1573 3422 putat
1623 3343 1701 3402 de
1753 3344 2047 3423 mysteriis
2095 3343 2439 3421 Eleusiniis,
2496 3346 2725 3408 omitte.

764 3447 889 3507 Nec
940 3445 1441 3526 Wyttenbachius
1497 3445 1831 3525 quidquam
1879 3448 2021 3506 novi
2073 3449 2309 3524 attulit,
2370 3447 2472 3509 sed
2519 3456 2724 3509 tamen

765 3550 1001 3609 utiliter
1035 3547 1308 3626 reliquae
1339 3547 1757 3628 disputationis
1787 3569 2028 3609 cursum
2066 3558 2127 3609 et
2163 3561 2519 3631 argumenta
2550 3560 2726 3613 nota-—

765 3651 876 3711 vit.
956 3650 1154 3729 Igitur
1189 3669 1383 3731 quum
1426 3659 1709 3730 appareat
1740 3671 1811 3713 ea
1841 3672 2086 3731 quoque
2127 3654 2253 3733 ipsa
2285 3675 2444 3735 quae
2477 3656 2729 3717 interci-

767 3754 992 3815 derunt
1055 3753 1414 3833 pertinuisse
1476 3753 1555 3814 ad
1613 3755 2178 3815 demonstrationem
2238 3756 2330 3817 ius
2387 3758 2454 3818 in
2514 3769 2724 3821 natura

768 3859 1029 3939 positum
1096 3877 1251 3934 esse,
1307 3877 1467 3937 quae
1527 3859 1803 3937 proxime
1862 3878 2005 3919 cum
2063 3859 2157 3918 his
2204 3880 2360 3938 quae
2411 3870 2725 3942 supersunt

768 3963 1092 4023 coniuncta
1137 3959 1421 4036 fuerunt,
1474 3960 1603 4020 sine
1649 3961 2024 4022 dubitatione
2056 3982 2130 4023 eo
2161 3964 2615 4043 pertinuerunt,
2657 3972 2725 4026 ut

768 4065 1107 4140 diceretur,
1149 4085 1305 4144 quae
1340 4064 1525 4143 vulgo
1556 4063 1704 4125 falso
1735 4084 1965 4145 poenae
1998 4074 2059 4125 et
2089 4066 2459 4129 haberentur
2493 4078 2554 4130 et
2585 4091 2723 4131 con-

771 4169 1194 4242 stituerentur,
1236 4185 1334 4226 eas
1367 4173 1495 4226 tum
1531 4166 1795 4243 remitti,
1836 4176 1968 4228 tum
1999 4169 2177 4230 vitari
2213 4191 2406 4251 posse,
2446 4174 2729 4234 omnino-
