3131 5032
804 455 936 521 544
1470 453 1614 522 Lm.
1660 452 1759 538 11,
1819 456 1890 523 17
1910 504 1930 532 .
1982 456 2085 520 43.

795 659 1197 740 baturqualis
1220 659 2162 743 poena,divinaanh11mana;i
2362 661 2779 721 enecessario

794 765 883 824 ibi
928 766 1137 826 divina
1172 764 1561 848 delendum),
1602 785 1770 827 nunc
1786 812 1804 843 ,
1846 764 2161 826 discedens
2195 783 2232 824 a
2268 763 2438 843 vulgi
2465 763 2775 843 opinioni-

792 868 907 928 bus
923 915 942 944 ,
993 868 1168 929 docet
1211 889 1466 948 poenam
1514 890 1639 930 non
1679 870 2049 931 extrinsecus
2082 867 2349 948 imponi,
2388 867 2498 927 sed
2530 868 2772 928 sceler-is

790 994 944 1032 esse.-
972 972 1210 1052 reliqua
1236 973 1398 1031 enim
1413 1019 1431 1049 ,
1467 993 1627 1052 quae
1655 974 1956 1034 habentur
1980 970 2288 1055 miseriae,
2318 989 2446 1031 me
2471 970 2763 1045 Ιιιηιιω,

793 1074 834 1135 i.
870 1094 926 1135 e.
965 1072 1333 1153 unicuique,
1372 1081 1493 1133 tam
1537 1074 1712 1134 bonis
1751 1092 1937 1154 quam
1980 1074 2186 1149 malis,
2228 1072 2508 1133 accidere
2554 1092 2764 1152 posse,

785 1176 957 1256 quod
1006 1176 1331 1237 coniuncta
1383 1177 1503 1237 sint
1551 1196 1696 1238 cum
1744 1177 2009 1238 hominis
2058 1175 2427 1238 conditione.
2524 1175 2757 1237 Eodem

792 1279 974 1341 modo
1006 1280 1433 1359 corrigendum
1477 1282 1544 1339 in
1581 1279 1776 1342 Pison.
1823 1280 1936 1358 19,
1989 1279 2096 1341 43:
2154 1283 2439 1357 fortunae
2483 1281 2595 1339 ista
2631 1279 2758 1339 tela

655 1426 664 1433 -
792 1393 968 1459 sunt,
1024 1403 1147 1442 non
1200 1384 1444 1463 culpam
1501 1384 1865 1464 supplicium
1907 1396 2103 1444 auten·
2142 1393 2229 1443 est
2257 1403 2457 1463 poeno
2475 1383 2757 1462 peceati,·

782 1485 1199 1546 abiiciendum
1246 1507 1470 1567 poeno.-
1525 1495 1590 1546 et
1635 1486 1841 1567 paullo
1886 1496 2018 1566 post
2055 1485 2122 1569 (ς
2152 1485 2257 1566 44)
2288 1487 2563 1566 quaerit,
2601 1506 2759 1564 qnos

784 1600 873 1651 est
918 1591 1112 1672 igitur
1146 1589 1389 1670 poeno?
1443 1592 1601 1670 quod
1638 1590 2045 1671 suppliciunt?
2093 1588 2255 1650 conf.
2289 1588 2406 1665 39,
2447 1587 2549 1649 95.
2629 1587 2757 1649 11oe

788 1691 979 1771 igitur
1024 1694 1380 1768 enunciato,
1422 1692 1593 1753 addit
1635 1713 1771 1753 eam
1808 1712 2063 1772 poenam
2092 1712 2204 1773 per
2237 1713 2300 1752 se
2335 1712 2460 1752 esse
2492 1693 2719 1753 tristem
2738 1739 2757 1765 ‚

785 1796 827 1855 i.
864 1816 919 1856 e.
956 1804 1235 1858 atrocem.
1317 1796 1482 1859 Hanc
1519 1798 2075 1877 interpretationem
2109 1797 2430 1876 probatum
2468 1794 2547 1854 iri
2578 1815 2757 1874 spero

787 1899 1131 1961 acutissimo
1179 1900 1401 1978 Ravio‚
1460 1902 1571 1981 qui
1625 1899 1759 1962 Var.
1816 1901 1976 1961 Lect.
2024 1897 2153 1961 Vol.
2189 1900 2245 1961 Ι.
2275 1920 2337 1979 p.
2374 1899 2492 1961 120
2510 1945 2529 1976 ‚
2568 1899 2755 1960 aliam

780 2004 1081 2065 rationem
1114 2004 1393 2065 iniverat.
1474 2005 1781 2079 Quantum
1816 2002 1894 2064 ab
1923 2003 2143 2064 horum
2171 2003 2467 2081 elegantia
2502 2002 2753 2081 distaret

784 2107 1031 2184 Harusp.
1068 2106 1241 2185 Resp.
1288 2106 1397 2184 18,
1436 2106 1549 2182 39,
1590 2107 1870 2166 Beierum
1898 2106 2141 2168 videtur
2168 2106 2390 2186 fugisse
2425 2105 2503 2166 ad
2530 2104 2749 2185 fragm.

783 2208 848 2267 in
883 2207 1050 2269 Clod.
1083 2216 1144 2266 et
1181 2207 1319 2269 Cur.
1359 2228 1418 2287 p.
1456 2208 1555 2270 91.
1593 2228 1658 2268 a:
1699 2209 2009 2288 magisque
2058 2212 2239 2271 etiam
2284 2210 2591 2290 cogitandi
2623 2211 2747 2272 ele·

783 2309 988 2390 gantis
1017 2309 1397 2370 desideratur
1431 2312 1495 2370 in
1529 2311 1699 2373 Catil.
1738 2311 1846 2388 IV,
1890 2313 1955 2388 4,
1998 2312 2057 2374 8.

861 2414 1124 2474 ardentes
1170 2426 1294 2473 tum
1340 2416 1664 2495 cupiditate
1698 2412 1805 2496 -—)
1881 2417 2051 2496 Ipsae
2084 2415 2519 2480 nonnullorum
2555 2418 2744 2480 Codd.

776 2520 1193 2599 corruptiones
1218 2518 1296 2578 ad
1329 2519 1488 2580 hanc
1521 2541 1723 2582 veram
1757 2521 2080 2584 lectionem
2118 2524 2374 2586 ducunt.
2458 2524 2582 2584 Nec
2617 2525 2745 2585 du-

776 2621 1097 2682 bitandum
1150 2630 1312 2696 erat,
1362 2622 1514 2702 quin
1562 2625 1763 2685 ardere
1802 2626 1879 2686 ad
1915 2627 2152 2707 reliqua
2183 2650 2463 2710 quoque,
2502 2640 2745 2710 praeter

765 2725 1191 2805 cupiditatem,
1230 2726 1589 2804 pertineret,
1630 2736 1699 2788 ut
1723 2750 1803 2790 ne
1831 2750 1979 2810 opus
2002 2733 2248 2811 quidem
2278 2736 2353 2793 sit
2378 2734 2455 2794 ad
2491 2755 2741 2813 zeufflua

773 2827 1108 2906 confugere
1126 2874 1144 2903 ,
1186 2828 1340 2888 sicut
1355 2828 1860 2909 wyttenbachius
1892 2833 2035 2894 fecit
2060 2834 2213 2896 Bibl.
2234 2837 2375 2898 crit.
2397 2838 2495 2897 xl.
2515 2859 2572 2918 p.
2599 2839 2739 2900 111.

778 2929 945 2993 Verr.
994 2931 1086 3006 11,
1138 2931 1255 3006 38,
1310 2933 1421 3007 92,
1475 2935 1667 2995 dolore
1722 2937 1960 2997 ardere.-
2016 2938 2137 2999 Att.
2185 2939 2270 3016 X,
2325 2940 2399 3015 4,
2449 2940 2524 3016 2,
2572 2943 2740 3003 ardet

761 3036 976 3115 furore
1028 3045 1086 3093 et
1135 3035 1375 3094 scelere:
1435 3035 1562 3097 Fin.
1626 3036 1754 3112 111,
1819 3037 1885 3097 11
1911 3084 1929 3114 ,
1988 3037 2071 3100 36
2086 3085 2104 3115 ,
2161 3043 2424 3102 avaritia
2484 3044 2733 3105 ardenti.

771 3137 988 3198 Salust.
1024 3137 1167 3197 Hist.
1204 3138 1253 3197 1.
1287 3159 1347 3218 p.
1378 3138 1515 3200 947.
1547 3140 1705 3200 Cort.
1731 3144 2067 3223 flagrantes
2095 3145 2323 3224 inopia.

856 3242 1004 3319 quid
1033 3252 1272 3324 agerent
1299 3244 1466 3302 modo
1495 3246 1761 3305 timentes
1781 3244 1883 3325 —)
1962 3247 2236 3308 Lambini
2270 3253 2733 3327 correctionem,

765 3346 1095 3425 quicquid,
1138 3347 1201 3404 in
1237 3345 1449 3425 primis
1481 3349 1865 3409 commendat
1897 3350 2167 3411 eiusdem
2195 3353 2286 3412 rei
2313 3354 2683 3435 descriptio
2663 3378 2737 3418 ιιι

777 3449 968 3510 Pison.
1029 3448 1143 3525 41,
1202 3449 1317 3525 99,
1371 3482 1451 3495 —
1510 3453 2089 3534 circumspectantem
2151 3459 2349 3517 omnia
2368 3505 2386 3534 ,
2449 3462 2739 3541 quiequid

769 3552 1158 3630 increpuisset
1199 3555 1737 3631 pertimescentem,
1797 3554 2152 3633 diffidentem
2187 3560 2309 3618 tuis
2332 3561 2502 3621 rebus
2529 3593 2609 3608 —
2642 3566 2736 3623 ri·

772 3653 904 3712 dere
958 3665 1013 3712 te
1058 3654 1241 3714 volui.
1283 3687 1364 3703 —-
1409 3657 1560 3716 Tum
1595 3660 1795 3717 timere
1831 3668 1918 3718 est
1945 3662 2379 3739 superstitionis
2410 3663 2527 3745 (δει
2531 3671 2726 3726 σιὸαι

772 3752 1030 3833 ponaer),
1070 3767 1427 3817 contemnere
1451 3759 1789 3838 oppositum
1817 3764 2280 3842 superstitionis,
2319 3768 2476 3829 sicut
2505 3770 2635 3832 niv.
2664 3771 2695 3830 1
2712 3818 2733 3846 ,

780 3858 893 3935 19,
931 3857 1030 3920 36.
1074 3858 1164 3934 11,
1204 3858 1313 3935 60,
1359 3860 1505 3922 125:
1562 3870 1624 3923 et
1668 3884 2039 3945 quamquam
2080 3889 2200 3929 non
2242 3870 2551 3951 eleganter
2579 3874 2737 3936 haee

773 3964 862 4024 sic
896 3964 1234 4043 iunguntur
1249 4010 1267 4039 ‚
1299 3976 1723 4027 contemnentes
1754 3970 2097 4051 religiones,
2137 3980 2334 4033 tamen
2370 3979 2739 4039 necessarius

773 4076 907 4129 erat
937 4068 1333 4148 accusativus3
1377 4078 1436 4130 et
1471 4071 1784 4152 reliqiones
1819 4073 1886 4132 in
1921 4094 1991 4135 ea
2024 4096 2093 4136 re
2123 4076 2504 4156 appellantur
2520 4128 2539 4158 ,
2580 4083 2738 4142 sicut

777 4171 967 4232 Pison.
1025 4173 1099 4246 5,
1162 4169 1230 4231 ll
1259 4220 1273 4244 ,
1335 4174 1629 4253 templum
1687 4175 1938 4236 Castoris
1996 4177 2204 4240 Clodio
2262 4180 2442 4244 fuisse
2502 4184 2736 4246 bustum
