3131 5032
707 431 835 498 486
1391 427 1527 489 Lm.
1577 423 1676 506 11,
1728 429 1803 507 6,
1861 428 1958 492 13.

697 648 870 697 runt:
913 654 1054 694 mox
1089 633 1379 714 acceperit
1410 630 1764 692 defenditur
1790 650 1864 692 ex
1895 633 2176 711 paullum
2208 641 2436 695 mutata
2469 634 2673 697 sonna

695 738 1162 812 enunciationis,
1196 737 1562 798 cuicuimodi
1575 738 1874 817 suerit—
1891 740 2073 797 etiam
2094 740 2154 797 ai
2176 770 2276 799 —-.
2302 770 2383 785 -
2410 740 2488 800 Si
2512 760 2671 819 quae

694 865 770 905 ex
824 843 1065 922 optimis
1112 841 1285 901 libris
1348 839 1549 916 edidi,
1623 860 1746 900 non
1813 842 2132 901 immemor
2184 850 2390 902 tamen
2449 863 2666 904 eorum

692 966 852 1027 quae
894 946 1228 1026 prudenter
1274 943 1539 1022 disputat
1582 941 1912 1022 Madvigius
1941 943 2018 1002 ad
2052 943 2180 1005 Fin.
2215 945 2281 1020 1,
2325 944 2403 1022 8,
2447 945 2549 1006 26.
2582 979 2667 993 —

691 1049 951 1129 vestigia
1000 1047 1352 1108 imitandae·
1382 1046 1804 1129 disput-ationis
1855 1047 2225 1123 Socraticae,
2277 1048 2345 1107 in
2391 1069 2513 1128 qua
2553 1049 2663 1111 illa

686 1154 996 1214 latronum
1032 1159 1094 1212 et
1126 1150 1503 1210 medicorum
1538 1149 1815 1229 exempla
1849 1151 2235 1211 celebrantur
2251 1196 2270 1229 ‚
2311 1171 2438 1211 non
2472 1152 2663 1214 latue-

687 1264 836 1319 runt
875 1257 1240 1334 Interpretes
1278 1253 1356 1313 ad
1396 1253 1544 1332 Rep.
1586 1253 1653 1328 Ι,
1696 1252 1806 1328 40,
1847 1254 1982 1315 init.

767 1381 955 1439 neque
990 1361 1059 1417 in
1082 1359 1305 1438 populo
1343 1358 1436 1416 lez·
1472 1390 1552 1401 -
1575 1358 1835 1437 populus
1871 1356 2184 1439 acceperit)
2265 1358 2657 1419 offenderunt

688 1465 757 1523 in
802 1461 899 1522 his
945 1462 1063 1520 viri
1110 1461 1311 1535 docti,
1364 1480 1627 1540 quorum
1666 1461 1976 1538 opiniones
2012 1469 2446 1521 commemorat
2473 1461 2660 1521 nose-

688 1587 795 1627 rus
809 1612 828 1642 ‚
881 1565 1049 1646 quod
1070 1611 1088 1642 ,
1135 1564 1319 1625 credo
1335 1610 1353 1639 ,
1411 1563 1802 1642 tautologiam
1850 1564 1963 1623 sibi
2008 1564 2466 1643 deprehendere
2497 1565 2664 1625 vide·

688 1671 914 1731 bantur
965 1670 1033 1728 in
1084 1668 1214 1745 his,
1275 1669 1643 1729 cuicuimodi
1688 1670 1877 1739 fuerit
1929 1669 2072 1743 illa,
2130 1677 2192 1728 et
2246 1672 2426 1729 ctiam
2472 1672 2532 1729 ni
2579 1702 2664 1716 —·

688 1775 996 1855 acceperit.
1079 1773 1408 1832 Immerito,
1493 1771 1817 1832 Confertur
1857 1773 1985 1846 lest,
2040 1771 2083 1831 i.
2120 1790 2175 1831 e.
2225 1791 2384 1850 quae
2427 1772 2661 1845 fertur,

684 1898 829 1938 cum
871 1876 1250 1937 medicorum
1273 1887 1620 1956 praecepto:
1662 1882 1734 1934 ut
1770 1874 2146 1935 medicorum
2179 1884 2499 1954 praecepta
2536 1875 2663 1934 dici

683 1999 810 2041 non
851 1987 1130 2058 possunt,
1184 1980 1270 2059 ita
1314 2000 1393 2039 ne
1439 1979 1536 2038 lex
1585 1977 1836 2058 quidem
1877 1998 1958 2038 sc.
1996 1978 2120 2038 dici
2158 1987 2350 2057 potest
2382 1978 2512 2038 lex:
2556 1979 2662 2039 sed

686 2082 959 2158 additur,
1002 2102 1082 2143 ne
1115 2089 1262 2141 tunc
1296 2073 1579 2160 quidem,
1613 2081 1792 2141 etiam
1827 2082 1905 2156 si,
1944 2089 2014 2141 ut
2042 2102 2222 2161 aeger
2256 2081 2659 2157 medicinam,

688 2186 774 2245 sic
817 2185 1078 2263 populus
1121 2185 1529 2262 perniciosum
1565 2183 1803 2262 aliquid
1837 2187 2162 2264 acceperit,
2204 2184 2246 2245 i.
2284 2206 2320 2244 e
2351 2193 2658 2263 tamquam

687 2288 1002 2362 sumserit,
1073 2286 1367 2347 hauserit:
1437 2287 1601 2366 qnod
1669 2287 2019 2348 addendum
2087 2298 2438 2368 propterea,
2494 2289 2664 2368 quod

685 2391 1064 2452 medicorum
1117 2400 1439 2470 praecepta
1493 2400 1562 2451 ut
1617 2391 1734 2451 hoc
1776 2394 2025 2452 nomine
2068 2393 2487 2471 appellentur,
2535 2414 2660 2453 non

683 2495 913 2578 pendet
965 2515 1003 2556 a
1055 2496 1363 2557 sanctione
1413 2495 1675 2575 quadam
1728 2515 2078 2575 aegrorum:
2136 2518 2212 2556 ex
2254 2516 2378 2576 quo
2407 2496 2665 2557 manife-

690 2610 881 2676 stum,
924 2619 1242 2678 perperam
1277 2600 1590 2659 Ernestum
1623 2600 1832 2660 delere
1864 2601 2124 2661 voluisse
2158 2603 2356 2660 etiam.
2391 2635 2472 2648 --
2512 2600 2661 2661 Cui-

687 2705 952 2766 cuimodi
1003 2704 1229 2763 habent
1280 2704 1493 2782 optimi
1539 2702 1699 2762 mei:
1742 2723 1932 2783 quare
1965 2705 2210 2764 accedat
2241 2704 2358 2763 hoc
2390 2705 2662 2763 testimo-

687 2808 862 2867 nium
918 2809 1006 2882 ei,
1069 2807 1234 2887 quod
1287 2805 1621 2884 Madvigius
1669 2806 1748 2866 de
1799 2806 1985 2867 Codd.
2028 2807 2177 2868 MSS.
2223 2808 2538 2882 excitavit,
2581 2805 2660 2865 ad

688 2909 821 2970 Fin.
861 2909 987 2984 111,
1028 2908 1103 2983 9,
1143 2908 1253 2983 30,
1295 2908 1400 2969 fin.

771 3033 908 3094 ergo
942 3024 1027 3072 ent
1067 3014 1160 3071 lez·
1191 3011 1296 3091 —)
1378 3011 1682 3071 Praestare
1729 3012 1958 3087 dicam,
2010 3012 2175 3092 quod
2222 3012 2346 3073 duo
2387 3012 2465 3071 de
2510 3011 2664 3071 meis

689 3115 955 3191 habent,
1013 3136 1147 3197 ergo
1199 3117 1291 3174 lex
1336 3126 1439 3175 est.
1521 3115 1596 3173 In
1638 3117 1926 3175 iustorum
1958 3119 2428 3196 iniustorumque
2463 3134 2663 3194 neque

688 3217 969 3278 homines
985 3263 1004 3294 ,
1045 3237 1246 3295 neque
1280 3215 1439 3275 facta
1472 3216 1788 3294 cogitanda
1822 3226 1989 3276 sunt:
2033 3219 2197 3278 idern
2232 3219 2460 3279 dicitur
2495 3216 2661 3297 quod

691 3339 871 3400 cupra
903 3321 968 3395 1,
1010 3320 1086 3396 6,
1132 3319 1242 3395 19,
1285 3321 1440 3378 iuris
1477 3331 1651 3400 atque
1686 3321 1952 3381 inim-iae
1984 3323 2205 3402 regula.

1464 3520 1738 3590 CAPUT
1780 3522 1892 3588 Vl.

781 3749 911 3795 non.
932 3728 1099 3787 modo
1121 3728 1473 3804 habendam,
1506 3729 1611 3788 ced
1640 3750 1713 3789 ne
1743 3730 2149 3811 appellandam
2179 3730 2438 3812 quidem)
2492 3732 2668 3807 Quod

701 3835 942 3913 Lagom.
985 3832 1062 3893 10
1092 3832 1311 3908 habet,
1351 3854 1457 3892 nec
1492 3853 1604 3912 pro
1637 3855 1710 3892 ne
1729 3881 1747 3909 ‚
1788 3855 1954 3893 nunc
1983 3855 2165 3895 nemo
2188 3836 2493 3913 probabit,
2535 3843 2670 3914 post

698 3945 1099 4019 praestantem
1150 3937 1619 4017 disputationem
1671 3936 1953 4014 Madvigii
2004 3938 2070 3997 in
2125 3938 2367 3999 ExcurS.
2419 3939 2532 3999 111.
2587 3938 2672 3999 ad

700 4041 885 4103 libros
910 4042 989 4101 de
1026 4040 1154 4101 Fin.
1191 4069 1267 4085 —
1300 4040 1385 4099 De
1420 4060 1540 4098 non
1570 4040 1736 4098 modo
1755 4086 1772 4114 ‚
1811 4060 2120 4118 suppressa
2153 4042 2473 4121 negatione
2506 4063 2672 4121 quae

701 4164 775 4205 ex
839 4144 1024 4204 altera
1088 4150 1258 4222 parte
1318 4139 1650 4201 sententiae
1709 4140 1786 4200 sit
1837 4141 2217 4203 adsciscendo
2236 4190 2254 4219 ‚
2315 4144 2679 4223 pervutgata
