3131 5032
735 429 864 506 296
1437 434 1581 500 ιω.
1628 434 1691 519 1,
1741 439 1819 519 4,
1875 438 1975 504 11.

727 644 1024 704 rationem
1074 642 1278 701 locum
1327 641 1413 699 sio
1465 641 1662 719 accipi
1700 660 1898 720 posse:
1955 642 2120 704 malo
2154 650 2357 704 tamen
2374 690 2393 721 ‚
2432 649 2691 726 pristina

726 745 1021 807 sententia
1045 743 1389 824 repudiata,
1414 743 1742 822 particulas
1765 745 1905 804 istas
1923 745 2009 804 sic
2036 746 2449 826 interpretari:
2481 753 2690 831 »quod

729 875 759 907 n
780 857 946 910 tanto
990 847 1181 927 magis
1214 846 1562 906 mirandum
1599 856 1782 923 esset,
1824 867 2018 927 quum
2057 849 2264 910 suisset
2299 852 2688 918 honoratus.''

724 954 874 1013 Nam
923 973 1134 1013 eorum
1190 951 1404 1027 etiam,
1463 953 1574 1030 qui
1625 971 1723 1011 res
1770 952 2043 1030 publicas
2089 961 2407 1015 tractantes
2437 956 2690 1019 Athenis

721 1058 814 1118 nil
851 1058 1141 1135 scriptum
1181 1055 1598 1135 reliquissent,
1641 1074 1817 1135 saepe
1857 1075 1967 1134 per
2007 1055 2393 1118 traditionem
2429 1060 2688 1123 illustria

720 1169 826 1223 aut
860 1168 1037 1222 acute
1067 1160 1232 1219 dicta
1260 1179 1336 1219 ex
1371 1157 1706 1220 actionibus
1739 1159 2156 1237 servabantur,
2189 1170 2252 1221 et
2275 1162 2341 1221 in
2368 1163 2685 1225 rhetorum

719 1265 1037 1343 disciplina
1083 1261 1626 1343 praedicabantur,
1666 1282 1928 1341 quorum
1963 1263 2143 1343 plena
2176 1274 2315 1325 sunt
2352 1264 2684 1328 Aristotelis

718 1367 1069 1428 Rhetorica:
1129 1367 1195 1424 in
1247 1365 1580 1444 primisque
1628 1365 1791 1426 valet
1841 1366 1959 1425 hoc
2008 1366 2091 1427 de
2130 1368 2238 1428 illa
2279 1368 2515 1431 Atticae
2549 1371 2680 1431 elo-

715 1470 1004 1549 quentiae
1036 1476 1230 1529 aetate
1245 1512 1264 1543 ‚
1303 1488 1496 1548 quum
1530 1468 1836 1547 principes
1871 1470 1988 1529 viri
2025 1470 2224 1531 nullas
2257 1472 2480 1552 scripto
2515 1493 2683 1533 man·

718 1571 936 1632 darent
974 1572 1255 1632 actiones.

791 1679 883 1737 sio
918 1678 1076 1735 enim
1112 1695 1246 1734 vero
1275 1674 1427 1733 mihi
1461 1675 1661 1735 liceret
1684 1671 1790 1753 ——)
1870 1675 2162 1754 Coi-rupta
2200 1675 2318 1736 fuit
2352 1677 2505 1739 haec
2535 1679 2680 1738 scri·

712 1788 895 1859 ptura
945 1780 1011 1837 in
1063 1798 1187 1838 uno
1227 1776 1372 1836 Cod.
1409 1775 1574 1853 apud
1608 1775 1978 1837 Schefferum
1995 1820 2013 1850 ,
2055 1778 2146 1836 sic
2181 1778 2340 1836 enim
2377 1782 2525 1839 veri.
2606 1780 2683 1839 ln

709 1882 953 1961 Lagom.
993 1880 1094 1942 39.
1130 1880 1283 1939 mihi
1320 1877 1604 1938 omissum
1622 1924 1641 1953 ‚
1681 1885 1885 1958 postea
1922 1877 2200 1937 additum
2240 1889 2362 1956 est,
2406 1881 2511 1940 sed
2545 1902 2678 1941 vero

708 1991 996 2044 servatur.
1091 1982 1217 2042 Nec
1263 1980 1442 2041 video
1457 2026 1475 2056 ,
1517 2000 1631 2040 cur
1680 1980 1833 2040 haec
1870 1980 2067 2041 maior
2104 1984 2460 2045 asseveratio
2492 2004 2677 2064 repu-

713 2087 920 2147 dietur
933 2110 951 2163 ;
1013 2086 1240 2165 quippe
1295 2085 1449 2144 haec
1465 2130 1484 2161 ‚
1542 2093 1866 2164 praecepta
1924 2105 2029 2165 spe
2087 2086 2255 2147 istius
2303 2088 2414 2147 otii
2431 2134 2451 2164 ,
2507 2088 2680 2168 qnasi

712 2189 1097 2270 triumphans
1145 2188 1354 2248 Cicero
1402 2187 1785 2266 pronunciat.
1837 2221 1919 2233 ——
1965 2186 2097 2248 Mox
2149 2198 2272 2249 tam
2310 2191 2680 2252 desiderabas

710 2313 786 2352 ex
821 2315 853 2351 ε
868 2336 887 2367 ,
928 2311 1113 2371 quam
1163 2290 1501 2350 desiderabo
1542 2309 1579 2349 e
1618 2287 1800 2349 Paris.
1839 2289 1882 2348 B
1920 2288 2087 2367 apud
2120 2289 2414 2351 Moserum
2432 2337 2450 2368 ‚
2492 2292 2677 2354 vitio-

711 2416 846 2456 sum
897 2402 1017 2455 est:
1074 2393 1181 2454 sed
1229 2393 1423 2473 aptius
1473 2392 1722 2453 fortasse
1765 2391 1993 2452 Marcus
2033 2394 2281 2473 utrique
2312 2395 2679 2474 respondens

712 2498 959 2560 dixisset
995 2496 1359 2557 desideratis.

1488 2700 1762 2771 CAPUT
1805 2701 1915 2768 IV.

797 2913 841 2996 §
884 2911 980 2972 11.
1060 2933 1135 2971 ne
1185 2914 1365 2973 istam
1406 2932 1647 2971 causam
1696 2930 1865 2970 nemo
1898 2909 2126 2990 noscat)
2207 2911 2460 2971 Nascere
2476 2956 2494 2986 ,
2537 2914 2580 2974 i.
2620 2933 2678 2975 e.

723 3016 1073 3091 admittere,
1142 3015 1418 3095 accipere
1435 3061 1452 3091 ,
1522 3014 1683 3073 bene
1750 3013 2226 3092 interpretantur
2278 3013 2566 3076 Goerenz.
2619 3023 2681 3074 et

718 3120 1055 3181 Schefferus
1071 3166 1091 3195 ‚
1150 3127 1221 3178 ut
1272 3117 1510 3178 dudum
1560 3123 1703 3177 ante
1755 3115 1933 3176 docte
1990 3116 2362 3195 explicuerat
2421 3117 2679 3179 Gronov,

717 3225 881 3283 Lect.
915 3220 1108 3280 Plaut.
1146 3239 1206 3298 p.
1242 3218 1383 3280 356.
1462 3216 1560 3277 Ad
1593 3217 1726 3279 niv.
1763 3216 1879 3293 IV,
1924 3217 1962 3277 4
1981 3263 1999 3293 ,
2047 3217 2117 3276 1:
2159 3221 2395 3299 accipio
2427 3240 2705 3280 escuem·

717 3331 935 3388 tionem
970 3338 1131 3385 tuam
1163 3348 1281 3381 —-.·
1321 3324 1490 3381 illam
1507 3334 1743 3402 partem
1781 3322 2183 3382 extenuationis
2210 3353 2293 3366 —-—
2323 3343 2433 3382 nee
2467 3343 2643 3383 nosco
2658 3368 2678 3399 ,

717 3452 828 3491 nec
871 3428 1088 3509 probo.-
1142 3425 1311 3486 unde
1358 3432 1606 3505 apparet
1653 3424 1887 3484 diversa
1937 3443 2081 3484 esse.
2181 3424 2349 3486 Haud
2403 3424 2681 3485 dissimili

717 3534 954 3595 ratione
985 3529 1092 3591 alii
1121 3530 1440 3609 scriptores
1489 3537 1876 3609 usurparunt.
1957 3528 2028 3587 In
2069 3527 2271 3589 Tacito
2314 3529 2453 3590 Hist.
2487 3528 2517 3586 l
2535 3574 2555 3605 ‚
2595 3528 2680 3591 68

718 3656 937 3697 verum
971 3642 1060 3695 est
1080 3654 1200 3693 non
1232 3654 1397 3693 arma
1427 3653 1694 3709 noscam,
1733 3632 1953 3692 frustra
1989 3638 2286 3692 tentatum
2317 3632 2394 3692 ab
2418 3632 2678 3694 Heinsio.

721 3741 846 3801 Nec
882 3739 1057 3799 aliter
1104 3735 1573 3816 intelligendum
1610 3735 1676 3794 in
1712 3734 1885 3794 Floro
1923 3734 2014 3793 111
2032 3780 2051 3809 ‚
2091 3735 2160 3811 7,
2207 3734 2273 3810 l,
2306 3738 2366 3794 si
2400 3757 2538 3796 vera
2573 3757 2681 3795 vo-

721 3845 915 3906 lumus
965 3864 1200 3904 noscere
1216 3890 1235 3919 ,
1292 3842 1450 3902 bene
1498 3841 1933 3919 interpretante
1992 3837 2401 3899 Freinshemio
2415 3885 2435 3916 ,
2494 3859 2678 3920 quem

718 3958 924 4009 tamen
969 3967 1092 4008 non
1147 3944 1456 4026 oportebat
1513 3963 1748 4003 noscere
1798 3950 1862 4000 et
1908 3961 2076 4001 nosse
2127 3941 2541 4019 confundere,
2598 3941 2675 4003 ad

718 4054 748 4112 Ι
766 4099 785 4129 ,
826 4052 865 4111 8
883 4099 901 4128 ,
942 4051 1016 4128 6,
1055 4050 1163 4111 ubi
1197 4048 1364 4129 quod
1397 4047 1624 4108 dicitur
1638 4093 1656 4124 ‚
1698 4047 1876 4124 plane
1903 4046 2192 4106 convenit
2216 4067 2358 4107 cum
2390 4047 2678 4109 Cicerone

719 4156 897 4235 Legg.
951 4155 1072 4228 ΙΙΙ,
1121 4153 1228 4229 18,
1271 4152 1384 4227 41,
1421 4174 1589 4212 noue
1621 4173 1743 4211 rem
1779 4151 2100 4231 publicam.
2186 4151 2299 4211 Sed
2331 4151 2450 4214 hoc
2476 4152 2673 4231 ipsum
