3131 5032
1633 445 1729 517 72

698 658 814 755 pla
848 660 1223 728 maiorum.
1313 662 1632 730 Nostrae·
1647 655 1947 753 quidem
1980 657 2155 753 legis
2189 660 2654 756 interpretes,

694 799 848 871 quo
879 778 1110 874 capite
1142 774 1490 847 iubentur
1509 793 1531 832 1
1571 790 1853 847 sumtus
1882 788 1954 849 et
1975 775 2254 847 luctum
2282 801 2655 850 removere

695 920 736 967 a
781 894 1088 967 deorum
1126 898 1442 965 manium
1482 898 1668 984 iure,
1722 896 1863 989 hoc
1903 895 2301 993 intelligant
2326 912 2354 951 ²
2396 901 2473 968 in
2508 900 2656 996 pris-

700 1017 873 1104 miS,
922 1012 1419 1112 sepulcrorum
1474 992 2080 1110 magnificentiam
2123 1040 2276 1088 esse
2325 1019 2656 1088 minuen-

540 1145 640 1210 63.
696 1130 884 1203 dam.
984 1135 1134 1203 Nec
1179 1130 1359 1202 haec
1393 1157 1435 1202 a
1476 1135 2015 1229 sapientissimis
2056 1132 2297 1231 legum
2352 1136 2657 1232 scripto-

695 1249 895 1321 ribus
953 1248 1281 1346 neglecta
1340 1264 1531 1326 sunt.
1632 1253 1813 1323 Nam
1871 1265 1945 1323 et
1995 1251 2298 1324 Athenis
2346 1255 2486 1324 iam
2535 1252 2654 1326 ille

694 1394 851 1439 mos
873 1393 914 1440 a
936 1372 1289 1466 Cecrope,
1314 1381 1395 1438 ut
1421 1371 1655 1458 aiunt,
1677 1374 2105 1469 permansit,
2127 1371 2385 1443 hocius
2407 1382 2432 1418 ³
2460 1385 2652 1445 terra

694 1487 1074 1576 humandi,
1111 1511 1329 1583 quam
1369 1512 1597 1583 quum
1628 1493 1937 1587 proximi
1968 1488 2287 1562 fecerant
2310 1492 2338 1533 ⁴
2376 1489 2655 1563 obduc-

693 1622 910 1705 taque
961 1622 1151 1678 terra
1192 1620 1380 1691 erat,
1423 1604 1754 1704 frugibus
1785 1607 2296 1700 obserebatur,
2332 1624 2417 1681 ut
2453 1614 2654 1682 sinus

693 1741 767 1800 et
799 1729 1154 1825 gremium
1184 1729 1391 1822 quasi
1426 1730 1671 1799 matris
1707 1741 1999 1801 mortuo
2035 1729 2508 1820 tribueretur,
2539 1755 2654 1802 so-

692 1847 845 1917 lum
877 1860 1120 1917 autem
1149 1842 1482 1940 frugibus
1507 1850 1872 1945 expiatum
1894 1862 1980 1920 ut
2001 1853 2179 1920 vivis
2209 1848 2650 1923 redderetur.

691 1963 1198 2062 Sequebantur
1234 1963 1522 2062 epulae,
1574 1990 1754 2061 quas
1789 1968 2072 2040 inibant
2110 1972 2505 2069 propinqui
2537 1994 2656 2040 co·

695 2087 971 2173 ronati,
1013 2081 1206 2182 apud
1262 2109 1443 2180 quas
1489 2084 1581 2157 de
1628 2091 1898 2159 mortui
1949 2087 2187 2177 laude,
2240 2114 2470 2185 quum
2516 2093 2593 2162 ni
2626 2108 2654 2146 ⁵

695 2203 878 2302 quid
919 2206 1069 2274 veri
1112 2216 1267 2275 erat
1319 2203 1813 2301 praedicatum
1847 2206 2062 2281 ·(nam
2109 2211 2401 2280 mentiri
2438 2206 2657 2281 ¹nefas

542 2345 633 2403 64.
699 2321 1130 2419 habebatur>
1153 2321 1483 2395 adiuxtass
1508 2322 1836 2399 confecta
1854 2341 2080 2398 erant.
2115 2331 2590 2423 Posteaquam
2602 2346 2655 2417 ⁷,

697 2458 780 2516 ut
818 2441 1072 2515 scribit
1106 2440 1521 2534 PhalereuS,
1565 2460 1936 2522 sumtuosa
1967 2445 2127 2519 fieri
2163 2445 2420 2521 funera
2459 2463 2532 2521 et
2563 2448 2658 2521 la-

701 2561 1114 2636 mentabilia
1166 2566 1602 2660 coepissent,
1665 2578 1737 2637 et
1762 2579 1788 2618 8
1850 2567 2131 2640 Solonis
2176 2568 2334 2667 lege
2379 2568 2654 2641 sublata

701 2697 900 2756 sunt:
959 2707 1180 2779 quam
1229 2682 1462 2780 legem
1513 2683 1782 2757 eisdem
1834 2711 2064 2786 prope
2109 2687 2351 2759 verbis
2391 2692 2657 2761 nostris

701 2807 838 2875 viri
867 2814 893 2853 ⁹
947 2806 1021 2873 in
1065 2803 1418 2875 decimani
1457 2803 1774 2877 tabulam
1816 2811 2311 2879 coniecerunt:
2363 2833 2531 2881 nam
2568 2808 2658 2880 de

705 2923 940 2995 tribus
989 2924 1292 3011 riciniis,
1337 2935 1410 2993 et
1460 2922 1806 3022 pleraque
1855 2924 1973 2997 illa
2006 2927 2287 2999 Solonis
2325 2943 2531 2999 sunt:
2567 2928 2658 3006 de

705 3043 1034 3115 lamentis
1080 3066 1252 3113 vero
1306 3066 1639 3139 expressa
1674 3044 1915 3117 verbis
1952 3062 2149 3136 sunt,
2190 3047 2515 3118 mulieres
2540 3072 2661 3144 ge-

706 3190 842 3234 nas
874 3189 963 3233 ne
999 3161 1331 3246 melanto,
1360 3187 1527 3231 neve
1553 3162 1810 3235 lesszcm
1823 3166 2115 3259 fimet-125·
2145 3192 2305 3266 elga
2335 3165 2660 3238 habento·

451 3293 645 3360 ΗΠ.
708 3288 817 3353 De
873 3278 1219 3379 sepulcris
1270 3293 1514 3351 autem
1561 3281 1744 3353 nihil
1775 3298 1884 3355 est
1919 3285 2113 3384 apud
2148 3285 2484 3358 Solonem
2520 3311 2667 3358 am·

709 3402 936 3502 pliuS,
985 3423 1204 3496 quam
1239 3422 1332 3469 ne
1368 3402 1530 3495 quis
1562 3425 1646 3473 ea
1680 3401 1950 3494 deleat,
1998 3429 2179 3478 neve
2213 3405 2531 3478 alienum
2560 3409 2668 3477 in·

706 3522 919 3610 ferat3
991 3542 1373 3619 poenaque
1433 3533 1538 3590 est
1599 3524 1661 3591 si
1713 3526 1878 3618 quis
1925 3522 2267 3616 bustum,
2327 3526 2523 3622 (uam
2591 3523 2665 3596 id

709 3655 890 3743 puto
946 3635 1291 3738 appellari
1342 3639 1680 3734 τύμβον)
1734 3656 1860 3713 aut
1915 3659 2500 3733 monumentum,
2554 3647 2664 3715 in.-

709 3764 904 3859 quit,
947 3773 1074 3831 aut
1117 3756 1523 3828 columnam
1565 3757 1875 3850 violarit,
1925 3758 2298 3850 deiecerit,
2347 3759 2664 3860 fregerit.

772 4060 792 4095 ¹
830 4056 1092 4110 iubemur.
1191 4055 1215 4093 ²
1253 4052 1576 4125 intelligunt.
1662 4056 1687 4092 ³
1719 4055 1883 4109 ocius.
1967 4058 1992 4099 ἱ
2027 4056 2332 4114 iniecerunt.
2406 4061 2430 4096 ὅ
2463 4075 2565 4111 om.
2600 4059 2678 4119 ni.

701 4150 725 4194 β
761 4146 911 4205 iusta.
982 4148 1003 4180 ⁷
1041 4151 1217 4211 postea
1240 4178 1257 4206 ,
1294 4157 1479 4208 quum.
1552 4145 1576 4177 8
1612 4155 1714 4196 om·
1748 4150 1820 4197 et.
1895 4147 1920 4181 ⁹
1949 4144 2109 4200 nostri
2146 4142 2451 4204 decemviri,
