3131 5032
1131 476 1272 544 Lm.
1319 475 1422 561 11,
1467 480 1543 561 2,
1590 483 1657 544 5.
2242 482 2367 546 465

498 682 655 744 idem
681 703 788 765 ego
817 694 873 742 te
902 684 1134 764 accipio
1157 683 1348 742 dicere
1375 680 1701 762 Arpinum)
1780 680 1957 742 Nulla
1986 679 2103 742 alia
2127 681 2370 744 videtur

416 785 513 848 his
548 788 745 848 verbis
791 786 1027 846 subesse
1078 786 1371 845 sententia
1421 803 1623 863 posse,
1664 783 1781 842 nisi
1815 791 1882 843 ut
1914 783 2075 844 dicat
2106 785 2336 846 Atticus
2354 831 2373 862 ‚

419 909 655 969 »quem
706 897 774 949 tu
823 889 1026 950 locum
1066 888 1372 962 indicasti,
1418 886 1702 946 eumdem
1742 906 1865 946 esse
1899 887 2178 967 intelligo
2211 888 2376 968 quod

418 994 830 1073 „Arpinum”
928 991 1044 1052 Sed
1095 992 1230 1071 quis
1282 999 1405 1052 tam
1455 990 1744 1049 insulsam
1798 990 2260 1068 explicationem
2315 992 2380 1051 in

415 1095 623 1156 Attico
655 1095 1130 1175 exspectaverit?
1170 1113 1356 1172 quem
1388 1092 1644 1152 minime
1675 1093 1889 1172 sugere
1924 1102 2149 1171 posset,
2187 1114 2381 1173 quum

414 1200 633 1259 ‘Cicero
683 1198 926 1258 dixisset
974 1198 1126 1257 hanc
1177 1217 1346 1256 suam
1389 1216 1734 1277 germanam
1775 1217 1896 1255 esse
1922 1199 2182 1277 patriam
2201 1243 2219 1271 ‚
2260 1216 2384 1256 non

422 1302 636 1361 villam
688 1302 859 1360 istam
910 1308 1145 1359 tantum
1192 1298 1497 1378 intelligi,
1531 1297 1636 1358 sed
1677 1298 1997 1377 Arpinum.
2078 1297 2389 1359 Praeterea

421 1404 661 1464 laborat
708 1403 992 1462 Latinitas
1009 1427 1025 1480 ;
1086 1400 1390 1479 siquidem
1443 1405 1706 1482 accipere
1747 1401 1897 1481 quid
1924 1410 2090 1461 recte
2125 1401 2354 1462 dicitur
2371 1448 2388 1477 ,

419 1527 551 1567 non
604 1508 751 1565 item
803 1507 1037 1584 accipio
1098 1517 1152 1564 ie
1211 1504 1436 1564 dicere:
1496 1513 1626 1563 tum
1647 1551 1666 1580 ,
1725 1511 1976 1583 quorsus
2024 1505 2167 1587 ego?
2227 1506 2398 1584 quasi

422 1609 630 1688 gravis
666 1607 961 1687 quaedam
997 1608 1204 1687 opinio
1230 1608 1681 1668 enunciaretur.
1762 1606 2015 1667 Invideo
2042 1608 2188 1667 viris
2213 1607 2402 1667 doctis

424 1712 544 1792 qui
572 1711 730 1782 haec
766 1711 863 1771 vel
898 1729 1312 1790 concoquere,
1356 1710 1454 1770 vel
1493 1711 1793 1789 explicare
1826 1719 2173 1789 potuerunt.
2256 1711 2400 1772 Mihi

422 1813 609 1874 nullo
666 1813 846 1874 modo
899 1813 1149 1873 ferenda
1205 1812 1526 1888 videntur,
1584 1822 1682 1888 et,
1740 1832 2104 1892 quamquam
2158 1813 2402 1874 sortasse

420 1917 778 1977 violentiori
816 1916 1161 1976 coniectura
1179 1961 1198 1991 ,
1239 1914 1565 1994 legendum
1603 1935 1728 1975 esse
1745 1961 1764 1992 ,
1806 1938 1976 1996 quem
2003 1917 2150 1976 solos
2182 1918 2251 1976 de
2277 1937 2402 1975 mu·

418 2021 666 2100 nie-ipio
701 2020 895 2079 dicere
932 2021 1252 2100 Arpinum.

512 2123 806 2202 ”uunquid
847 2143 951 2181 vos
1002 2122 1150 2180 duas
1200 2120 1426 2180 habetis
1450 2120 1713 2203 patrias)
1793 2121 1877 2180 Ex
1916 2122 2180 2182 lectione
2212 2121 2398 2183 Burn.

423 2234 484 2291 δ.
543 2228 713 2310 (duos
765 2227 938 2309 duas)
991 2227 1249 2306 intelligi
1298 2235 1525 2306 potest,
1586 2228 1887 2307 quomodo
1929 2230 1992 2288 in
2028 2229 2199 2288 bonis
2233 2228 2404 2289 libris

426 2354 540 2393 vos
596 2331 872 2392 omissum
927 2330 1136 2391 fuerit.
1231 2330 1302 2389 Et
1353 2331 1780 2409 requirebatur
1829 2351 2162 2412 pronomen
2217 2333 2282 2392 in
2334 2352 2403 2393 ea

429 2435 907 2513 interrogatione
940 2453 1122 2513 quam
1158 2453 1300 2493 cum
1338 2433 1613 2493 irrisione
1647 2434 1903 2512 urgebat
1936 2434 2187 2496 Atticus.

517 2560 603 2599 an
627 2549 711 2597 est
737 2559 859 2597 una
886 2539 994 2596 illa
1012 2540 1221 2618 patria
1249 2535 1601 2616 communis)
1680 2538 1830 2597 Satis
1858 2555 2026 2598 nunc
2060 2538 2398 2617 cognitum,

432 2664 521 2704 an
556 2643 642 2701 sic
673 2640 819 2720 poni
857 2643 922 2700 in
958 2641 1423 2719 interrogatione
1441 2687 1459 2715 ‚
1511 2649 1582 2699 ut
1613 2642 2018 2720 praecipiatur
2049 2642 2205 2722 quid
2241 2641 2405 2702 affir-

434 2746 733 2806 mandum
786 2747 892 2805 sit:
954 2744 1111 2804 cons.
1162 2743 1493 2823 Madvigius
1536 2742 1614 2803 ad
1663 2744 1791 2805 Fin.
1825 2743 1909 2820 V,
1956 2744 2064 2816 14,
2111 2744 2227 2822 40,
2268 2746 2402 2807 init.

440 2847 683 2927 Grysar.
717 2866 963 2927 quoque
1003 2847 1237 2930 (Theor.
1274 2847 1398 2906 Lat.
1435 2846 1564 2906 Stil.
1600 2866 1659 2926 p.
1691 2845 1834 2927 548)
1870 2847 2226 2907 alienissima
2262 2866 2404 2908 oon-

441 2948 678 3009 fundit:
722 2969 921 3029 neque
958 2948 1215 3012 loserus
1249 2950 1446 3030 lapsus
1478 2960 1628 3011 esset
1663 2952 1727 3011 in
1763 2951 1959 3012 Divin.
1993 2952 2091 3028 11,
2139 2953 2241 3028 13,
2283 2952 2399 3031 31,

440 3053 495 3113 si
550 3053 915 3131 Madvigium
976 3054 1157 3134 Epist.
1212 3055 1356 3115 Crit.
1404 3076 1465 3134 p.
1520 3054 1620 3115 77.
1677 3070 2033 3132 cognoscere
2090 3057 2397 3134 potuisset.

437 3157 547 3239 (ln
584 3157 798 3218 eodem
833 3157 1027 3219 Divin.
1064 3160 1230 3235 loco,
1272 3179 1430 3238 quae
1471 3166 1807 3237 sequuntur
1853 3176 2036 3236 prava
2071 3160 2403 3220 sententiae

438 3260 642 3322 forma
691 3261 1003 3338 laborant,
1053 3260 1502 3340 legendumque
1545 3268 1667 3336 est,
1707 3260 1943 3320 sublato
1993 3261 2403 3340 interrogandi

431 3365 641 3443 cigno,
683 3368 863 3424 etiam
879 3366 1165 3447 futurum
1200 3386 1322 3424 esse
1348 3397 1428 3412 —-
1448 3362 1905 3444 praesentiunt.)
1982 3364 2104 3424 Illa
2119 3411 2138 3441 ,
2178 3366 2402 3426 intelli·

432 3467 641 3547 genda
675 3468 915 3529 videtur
945 3467 1154 3530 Roma.

527 3571 678 3629 duas
728 3592 848 3630 esse
900 3558 1103 3661 σόῂοο
1125 3567 1388 3652 patrias)
1467 3569 1652 3631 Pofflt
1685 3569 1883 3630 videri
1915 3570 1978 3632 h.
2011 3570 2056 3632 l.
2092 3571 2405 3652 corrigen-

444 3671 600 3731 dum
635 3692 758 3731 esse
789 3673 1206 3739 constannens.
1242 3674 1319 3733 ad
1356 3674 1494 3753 Cap.
1537 3673 1640 3749 13,
1675 3672 1774 3733 32.

529 3775 937 3854 municipibus
987 3762 1135 3834 deas
1163 3797 1285 3835 esse
1315 3808 1395 3822 -
1418 3774 1680 3857 patrias)
1757 3776 1967 3837 Totum
2001 3777 2168 3838 hunc
2199 3777 2400 3839 locum

446 3878 536 3937 sic
568 3876 815 3937 videtur
847 3877 1058 3939 Cicero
1091 3879 1389 3958 explicare
1422 3889 1628 3940 contra
1670 3890 1968 3959 receptam
1999 3880 2406 3941 Romanorum

441 3980 833 4060 opinionem,
875 3979 1135 4061 ideoque
1168 4001 1391 4045 novum
1427 3984 1543 4045 hoc
1577 3985 1774 4044 Attico
1805 3984 1998 4043 visum
2033 3990 2153 4057 est,
2194 3992 2257 4042 et
2290 3985 2400 4063 ipsi

443 4104 657 4145 rerum
707 4084 956 4144 istarum
1006 4085 1381 4164 peritissimo.
1463 4088 1792 4166 Municipes
1822 4087 1985 4145 enim
2021 4083 2269 4145 Romam
2306 4105 2409 4165 pa·

447 4189 627 4250 triam
694 4189 1113 4269 appellabant:
1171 4190 1329 4251 cons.
1388 4190 1666 4251 Garaton.
1717 4186 1794 4249 ad
1846 4188 2045 4249 Milon.
2099 4188 2240 4268 Cap.
2309 4186 2406 4251 ³4.

2066 4292 2143 4351 30
