3131 5032
1382 459 1519 530 155

424 665 676 718 convertit
713 665 796 717 10.

424 758 528 821 (ἰιι)
559 756 898 808 Academiam
932 758 1014 809 11.

421 851 571 903 futile
590 851 854 920 (quidem)
868 851 1099 921 prudens
1119 850 1159 901 A
1176 850 1216 903 Β
1235 852 1314 902 11.
1330 852 1416 904 65.

421 945 521 996 fuit
559 944 650 996 ille
698 941 967 1012 (quidem)
1012 944 1055 997 O
1100 943 1144 994 I)
1188 942 1228 994 Ε
1266 944 1416 996 δ10.

438 1071 443 1074 -
488 1037 575 1089 39.
605 1035 693 1090 58.
722 1035 810 1087 96.
844 1034 905 1086 Β.

418 1138 597 1179 acutus
625 1138 677 1179 et
706 1125 938 1196 prudens
965 1123 1029 1178 C.

422 1220 524 1285 (et)
555 1221 612 1269 in
640 1233 733 1269 sue
768 1216 832 1270 t.

422 1310 525 1379 (et)
558 1311 614 1361 in
647 1325 846 1377 suoque
882 1309 964 1360 10.

422 1401 532 1470 (in)
566 1418 657 1452 suo
689 1416 884 1470 genere
914 1400 979 1453 Ε.

417 1504 477 1544 ut
506 1494 575 1544 sis
607 1510 661 1543 α.

420 1592 479 1633 ut
506 1583 647 1634 scitis
683 1582 876 1642 11.,65.

416 1671 658 1741 mihique
684 1674 783 1725 fuit
828 1683 886 1724 ut
928 1674 1030 1724 scis
1060 1672 1150 1723 47.
1177 1672 1264 1724 48.
1298 1674 1414 1727 120.

492 1765 591 1816 127
624 1765 691 1818 V.

416 1856 516 1908 fuit
545 1855 819 1908 familiaris
850 1856 940 1908 89.

415 1963 521 2015 quo
543 1958 717 1999 tamen
757 1948 839 2000 10.
869 1949 953 2001 39.
982 1947 1069 1999 58.

414 2038 553 2108 quod
582 2051 756 2091 tamen
784 2040 879 2094 96.

417 2131 571 2183 video
601 2151 635 2197 γ
665 2132 753 2185 39.

413 2222 588 2274 videto
624 2223 708 2275 10.

416 2314 565 2364 istam
599 2324 756 2366 totam
789 2330 817 2363 ε
854 2313 938 2364 10.

415 2420 565 2474 posse
591 2402 702 2456 dari
741 2404 823 2454 10.
865 2405 947 2455 11.

834 2541 868 2608 §
903 2543 994 2594 55.

415 2678 547 2747 quin
578 2678 708 2730 istuc
741 2677 785 2729 A
818 2677 855 2727 Β
890 2675 935 2729 C
974 2694 1008 2725 α
1040 2695 1074 2741 7
1110 2678 1192 2727 11.
1222 2677 1412 2729 39.48.

485 2768 575 2819 65.
610 2769 723 2818 127.

419 2861 554 2928 quin
580 2860 715 2911 istud
743 2860 806 2911 B.

417 2967 650 3020 quonam
678 2968 744 3002 ne
779 2951 914 3002 istud
951 2950 1037 3002 10.

416 3045 549 3110 quin
583 3042 719 3093 istud
752 3059 816 3093 ne
847 3034 1059 3093 tandem
1085 3039 1153 3095 V.

417 3132 623 3185 istudne
654 3132 775 3185 120.
808 3131 923 3183 127.

416 3224 546 3275 istuc
577 3243 625 3276 e.

414 3313 633 3381 (Chius)
666 3314 754 3368 58.

415 3404 581 3456 solum
623 3406 821 3458 bonum
852 3412 985 3455 esset
1017 3403 1178 3470 (quod
1210 3401 1411 3454 hones-

481 3506 594 3547 tum
622 3504 778 3561 esset)
816 3494 1116 3561 malumque
1149 3492 1212 3546 C.

417 3587 611 3639 boumn
659 3605 771 3640 esse
806 3588 1003 3639 diecret
1030 3585 1172 3656 quod
1209 3585 1296 3636 47.
1325 3585 1413 3637 48.

493 3678 609 3729 122.
643 3680 754 3731 124.
792 3679 907 3731 126.

416 3769 614 3821 bouum
649 3781 778 3822 esset
810 3789 844 3819 α
873 3770 961 3821 39.

416 3860 701 3931 quodquod
737 3862 819 3912 10.

415 3952 556 4023 quod
580 3952 854 4003 honestum
884 3966 996 4003 esse
1033 3949 1076 4002 A
1106 3950 1146 4002 Β
1178 3952 1260 4004 11.

413 4049 551 4105 (esse
585 4041 726 4112 quod
761 4042 1061 4110 honestum)
1097 4040 1156 4093 δ.

414 4135 607 4186 malum
639 4133 779 4203 quod
820 4134 902 4185 10.

413 4227 551 4292 quod
585 4236 719 4279 esset
749 4235 897 4292 turpe
928 4225 1015 4277 96.

1480 664 1708 714 nimium
1739 665 1956 730 quidem
1988 665 2035 718 A
2071 665 2130 718 Β.

1477 753 1596 821 (ne)
1633 755 1918 807 minimum
1952 757 2032 810 10.

1475 844 1556 894 vel
1598 845 1832 896 abessent
1866 846 1931 900 Ι).

1474 934 1675 986 adesset
1705 953 1771 985 an
1799 937 1999 990 abesset
2035 940 2283 995 interesse
2311 960 2347 992 α
2385 943 2466 995 10.

1476 1025 1745 1077 interesset
1777 1028 1872 1086 39.

1480 1114 1580 1184 (et)
1612 1117 1886 1171 Aristotele
1915 1121 2004 1172 96.

1475 1206 1540 1257 ab
1572 1207 1665 1258 illo
1702 1209 1926 1262 Platonis
1957 1216 1999 1262 A
2028 1211 2069 1263 B
2102 1215 2185 1263 11.
2217 1215 2304 1267 65.

1475 1308 1610 1349 esset
1640 1301 1791 1368 (que)
1826 1303 1961 1353 inter
1988 1318 2077 1355 eos
2107 1302 2170 1355 Β.

1473 1389 1824 1460 discreparent
1846 1396 2106 1462 etiamque
2122 1396 2257 1448 inter
2280 1415 2370 1450 eos
2389 1400 2474 1453 10.

1478 1479 1571 1546 (de
1603 1491 1681 1544 re)
1717 1483 1804 1534 39.

1474 1571 1615 1639 quod
1657 1571 1818 1625 decus
1862 1572 1909 1625 A
1937 1575 1976 1626 Β
2017 1574 2060 1626 Β
2094 1595 2119 1627 e
2155 1580 2236 1629 11.
2267 1579 2355 1631 89.
2381 1582 2472 1635 58.

1543 1662 1632 1713 65.
1660 1664 1750 1714 96.

1472 1769 1592 1803 cum
1625 1755 1766 1823 quod
1797 1755 1957 1808 decus
1984 1757 2183 1827 adtiqui
2223 1765 2291 1822 β.

1471 1860 1593 1894 eum
1620 1846 1759 1913 quod
1795 1847 1951 1899 decus
1978 1849 2118 1915 quod
2149 1853 2351 1921 antiqui
2380 1871 2435 1918 r.

1471 1932 1631 1985 decus
1659 1936 1849 2006 (quod)
1878 1941 2080 2007 antiqui
2111 1942 2197 1994 96.

1471 2025 1612 2091 quod
1638 2025 1794 2079 decus
1824 2029 2024 2097 antiqui
2060 2031 2125 2082 Β.

1471 2115 1688 2182 quidem
1716 2118 1874 2170 decus
1897 2123 2095 2189 antiqui
2137 2121 2200 2174 Β.

1470 2207 1894 2274 antiquissimum
1926 2210 2123 2261 bonum
2153 2213 2243 2265 89.

1472 2303 1635 2365 (esse)
1662 2300 1899 2363 dixerunt
1935 2304 2015 2353 10.

1471 2388 1720 2442 dixerunt
1733 2391 1776 2443 D
1795 2411 1831 2441 α
1849 2393 1887 2442 δ
1905 2410 1929 2443 ε
1948 2393 2036 2446 47.
2052 2395 2142 2446 58.
2159 2395 2246 2447 96.
2266 2395 2383 2448 122.
2400 2395 2465 2448 Β.

1472 2480 1572 2533 hoc
1604 2482 1771 2534 solum
1800 2483 1889 2536 39.

1473 2573 1643 2625 dicant
1661 2576 1891 2644 itemque
1917 2575 2142 2629 dedecus
2156 2578 2296 2644 quod
2313 2579 2392 2630 illi
2411 2599 2466 2644 y.

1472 2668 1602 2717 item
1639 2668 1792 2735 tque)
1821 2668 1906 2720 47.
1947 2667 2060 2718 122.

1470 2758 1699 2809 dedecus
1728 2760 1867 2827 quod
1900 2760 1980 2810 illi
2020 2762 2057 2810 d*
2089 2759 2178 2811 47.
2215 2762 2334 2813 122.

1472 2849 1801 2901 valetudines
1833 2851 1914 2901 10.

1472 2957 1556 2991 res
1586 2941 1883 2993 commodas
1917 2960 1951 2990 α
1986 2942 2069 2993 10.

1472 3030 1700 3100 appellat
1734 3030 1777 3082 D
1807 3051 1841 3097 y
1877 3032 1961 3084 10.
1989 3033 2078 3086 39.
2111 3034 2228 3087 120.
2263 3036 2381 3088 127.
2400 3036 2471 3093 Ὺ.

1471 3141 1696 3251 appellit
1721 3188 1785 3244 ῥ’.

1472 3302 1801 3356 incommode
1856 3323 1962 3357 non
2018 3308 2153 3360 mala
2206 3310 2296 3361 39.
2346 3310 2463 3365 120.

1542 3395 1658 3445 127.
1694 3396 1758 3448 V.

1471 3495 1585 3536 nata
1631 3496 1709 3537 est
1754 3479 1796 3536 D
1829 3505 1864 3537 α
1891 3490 1978 3544 47.
2014 3491 2131 3543 120.
2183 3495 2303 3546 122.
2346 3494 2465 3547 124.

1544 3577 1642 3627 126
1678 3577 1791 3628 127.
1824 3578 1889 3631 V.

1468 3681 1612 3740 pacta
1637 3681 1715 3721 est
1744 3690 1775 3734 r
1809 3671 1894 3723 39.

1467 3773 1666 3832 peracta
1697 3773 1773 3814 est
1801 3762 1887 3814 bic
1916 3762 1982 3816 de
2012 3762 2209 3817 finibus
2243 3767 2327 3819 10.

1467 3857 1573 3920 (in)
1603 3873 1704 3924 qua
1732 3874 1781 3906 a.

1467 3948 1780 4016 usucapione
1810 3948 1854 3997 A
1886 3946 1923 3997 Β
1961 3949 2040 4001 11.

1468 4041 1525 4090 iu
1552 4055 1876 4107 quacumque
1910 4043 2274 4109 usucapionem
2303 4065 2358 4108 γ.

1467 4130 1603 4181 inter
1632 4130 1864 4197 quinque
1886 4128 1926 4179 A
1945 4128 2040 4183 BC
2063 4131 2101 4182 D
2125 4136 2353 4188 (10.11.
2371 4138 2458 4189 39.

1536 4221 1622 4271 47.
1636 4221 1817 4273 48.58.
1830 4221 1917 4272 65.
1932 4222 2261 4277 96.120.122.
2275 4226 2452 4278 Ι27Ν.
