3131 5032
1114 458 1256 524 Lm.
1301 456 1367 542 1,
1428 460 1539 540 14,
1586 460 1692 529 40.
2241 461 2367 529 387

385 672 503 727 “ent
514 711 533 742 ‚
572 647 677 727 aed
707 664 1061 726 conceditur
1088 665 1388 725 Zenonem
1418 663 1578 724 nihil
1606 671 1846 744 praeter
1878 666 2060 727 verba
2086 675 2370 744 mutasse,

415 789 509 829 res
562 777 622 829 et
670 770 991 830 sententias
1042 777 1315 830 veterum
1363 767 1715 828 retinuisse:
1764 766 1969 849 (modo
2012 778 2151 830 ante
2183 770 2226 853 §
2255 771 2335 831 33
2354 817 2377 849 ‚

413 875 473 932 σι’
519 885 663 933 esset
681 920 697 948 ‚
738 872 1199 934 Coniunctivum
1253 872 1533 932 attulerat
1577 872 1767 933 oratio
1816 871 2129 954 pendens.)
2222 875 2374 949 Qua·

412 984 655 1056 propter
702 977 770 1036 in
817 977 932 1036 hoc
961 995 1203 1054 quoque
1240 975 1374 1036 loco
1416 994 1603 1054 quem
1637 974 1703 1033 in
1736 976 2015 1036 manibus
2047 977 2339 1037 habemus
2356 1025 2373 1055 ‚

413 1081 588 1140 nullo
637 1079 817 1140 modo
864 1079 1186 1140 ferendum
1223 1086 1371 1138 esset
1409 1080 1681 1138 etiamsi.-
1720 1077 2256 1159 similisquelocus
2292 1089 2380 1141 est

415 1183 544 1244 rin.
581 1184 677 1261 11,
719 1184 833 1260 31,
880 1183 1031 1259 103⁷,
1071 1204 1191 1242 non
1224 1184 1388 1242 dico.-
1428 1182 1590 1243 nihil
1614 1203 1757 1263 opus
1792 1195 1878 1243 est
1903 1183 2131 1243 litibus.
2158 1216 2240 1228 —
2275 1184 2380 1244 Ce-

389 1295 617 1346 terum
652 1287 862 1348 dicunt
895 1283 1361 1364 intelligendum
1394 1285 1503 1344 illa
1530 1285 1766 1365 placita
1798 1307 1908 1345 sua
1940 1286 2017 1345 de
2045 1286 2379 1365 voluptate,

415 1390 482 1449 in
515 1408 637 1469 qua
670 1409 974 1450 summum
1008 1389 1238 1448 bonum
1267 1388 1368 1463 sit,
1394 1394 1539 1448 cet.:
1572 1397 1633 1448 et
1665 1389 1750 1448 sic
1780 1389 2213 1467 intelligendus
2242 1409 2382 1449 mox

416 1492 642 1552 Infinit.
679 1492 869 1552 dicore
886 1536 905 1567 ‚
941 1490 1020 1549 de
1052 1509 1175 1569 quo
1211 1507 1528 1569 perperam
1561 1490 1781 1552 docere
1817 1513 1925 1552 nos
1957 1493 2090 1553 vult
2123 1494 2382 1553 Goeren-

418 1597 548 1656 zius
568 1613 690 1655 esse
713 1614 826 1674 pro
847 1595 1122 1654 disserere
1150 1601 1210 1654 et
1239 1595 1565 1674 deputam
1592 1603 1774 1674 atque
1799 1595 2215 1674 intempestive
2243 1616 2376 1656 con-

418 1698 565 1758 ferri
597 1697 766 1757 iubet
793 1697 1193 1776 sophistarum
1227 1697 1397 1782 *illud
1432 1697 1587 1778 (Fin.
1625 1698 1684 1756 11
1703 1743 1722 1774 ‚
1765 1697 1930 1774 init.)
1965 1698 2163 1757 iubere
2196 1699 2387 1759 dicere

419 1821 537 1881 qua
557 1801 625 1860 de
648 1822 710 1861 re
738 1803 874 1881 quis
893 1801 1062 1861 vellet
1082 1800 1307 1861 audire.
1366 1800 1682 1861 Sollemnis
1707 1800 1814 1860 illa
1838 1801 2074 1862 iteratio
2100 1802 2272 1860 verbi
2301 1809 2389 1862 est

418 1904 501 1986 (εἰ
541 1935 623 1947 -
663 1904 902 1979 dicum,
945 1905 1249 1963 iubeamus
1302 1903 1495 1964 dicere
1506 1902 1552 1984 ‚)
1593 1923 1707 1964 nec
1742 1905 2052 1984 probanda
2087 1905 2392 1964 Ciaoconii

419 2007 676 2087 euspicio
695 2053 712 2083 ,
749 2008 860 2087 qui
897 2006 1159 2066 malebat
1185 2007 1460 2066 desidere.
1542 1995 1919 2086 Diceressquo
1948 2003 2219 2067 modo‘in
2258 2008 2393 2087 Epi-

421 2129 569 2170 curo
617 2108 1115 2187 intelligendum,
1173 2116 1420 2188 apparet
1468 2128 1543 2168 ex
1595 2107 1757 2170 Offic.
1811 2108 1937 2186 111,
1979 2109 2087 2186 33,
2136 2110 2271 2171 117.
2312 2143 2394 2155 -

423 2210 594 2287 Quod
626 2229 790 2270 nunc
828 2208 1052 2269 dicitur
1081 2211 1152 2268 in
1183 2209 1430 2269 hortulis
1461 2211 1620 2287 suis,
1655 2208 1851 2287 idem,
1888 2211 2130 2290 opinor,
2169 2212 2395 2291 signifi-

422 2321 594 2375 catur
624 2313 720 2371 his
751 2312 878 2372 Fin.
915 2311 1007 2374 111
1024 2358 1042 2389 ‚
1078 2312 1213 2372 init.
1230 2357 1248 2387 ‚
1288 2313 1417 2372 suis
1457 2334 1518 2372 ee
1564 2313 1789 2386 finibus
1832 2324 2021 2373 tenere
2069 2316 2393 2376 iubeamus.

492 2415 825 2496 paullisper
856 2417 1169 2496 facessant
1219 2412 1510 2496 rogemus)
1591 2415 1760 2490 Quod
1813 2436 1887 2476 ex
1940 2418 2181 2496 optimis
2228 2418 2400 2479 libris

429 2527 710 2581 enotatur
724 2565 742 2596 ‚
778 2520 1049 2599 facessat
1091 2530 1157 2579 ut
1198 2539 1464 2601 rogemm
1493 2518 1554 2600 (e
1590 2518 1918 2578 Davisianis
1931 2521 2247 2599 facessant
2278 2520 2399 2602 ut),

423 2623 584 2683 nihil
629 2630 717 2682 est
758 2621 875 2681 nisi
925 2622 1217 2683 correctio
1251 2622 1470 2682 erroris
1488 2667 1506 2697 ‚
1546 2633 1615 2681 ne
1651 2621 2029 2704 (corruptum
2062 2623 2128 2682 in
2162 2621 2253 2704 ut)
2284 2644 2398 2704 pro

423 2736 448 2785 t
465 2770 483 2800 ‚
533 2730 603 2783 ut
654 2722 998 2783 terminatio
1051 2723 1219 2783 verbi
1270 2723 1698 2784 emendaretur
1714 2770 1733 2800 ,
1793 2743 1987 2803 eaque
2038 2724 2168 2784 siue
2217 2745 2396 2788 causa

424 2826 694 2887 abutitur
726 2824 1013 2886 Davisius.
1044 2859 1126 2871 —
1160 2827 1327 2901 Quae
1370 2834 1709 2906 sequuntur
1745 2826 1823 2886 de
1854 2826 2119 2887 Arcesila
2157 2837 2219 2888 et
2256 2829 2391 2890 Car·

425 2928 621 2989 neade
653 2929 780 3007 ipsa
814 2927 1137 2989 ostendunt
1177 2928 1452 2990 Ciceroni
1485 2928 1769 2990 Antiochi
1801 2930 2063 2991 maxime
2098 2932 2395 2992 rationem

423 3032 738 3113 probatam
778 3031 981 3092 fuisse.

503 3139 727 3198 nimiae
760 3136 886 3195 edet
917 3134 1150 3216 ruinae)
1226 3134 1360 3195 Non
1412 3133 1625 3196 dubito
1670 3135 1824 3213 quin
1856 3155 2003 3197 vera
2034 3136 2111 3195 sit
2145 3139 2394 3216 optimo·

421 3260 563 3301 rum
614 3240 912 3300 librorum
966 3239 1164 3299 lectio.
1263 3238 1459 3298 Prima
1508 3239 1815 3318 corruptio
1846 3238 1964 3298 suit
1979 3285 1998 3316 ‚
2041 3240 2255 3301 omisso
2286 3242 2360 3299 m·
2372 3285 2393 3316 ‚

423 3345 629 3404 miscet
656 3355 714 3404 et
737 3344 975 3419 ruinas,
999 3341 1066 3401 in
1082 3341 1290 3403 Ambr.
1309 3363 1368 3422 y:
1396 3341 1543 3401 hinc
1567 3342 1858 3422 reliquae.
1943 3342 2133 3404 Dabit
2155 3344 2393 3418 ruinas,

425 3446 589 3525 quod
634 3466 745 3524 pro
786 3445 956 3506 varia
996 3443 1258 3504 lectione
1296 3450 1384 3503 cst
1417 3443 1483 3503 in
1516 3442 1675 3504 Voss.
1707 3443 1747 3502 C
1782 3452 1841 3504 et
1877 3441 2056 3505 Paris.
2092 3468 2152 3521 ε,
2192 3453 2393 3523 poeta·

426 3566 566 3607 rum
617 3568 739 3608 eme
790 3549 1043 3627 opinor,
1099 3554 1197 3622 et,
1249 3545 1416 3624 quod
1466 3543 1624 3605 vidit
1676 3542 1978 3621 Davisius,
2034 3546 2303 3607 alienum
2361 3566 2397 3606 a

399 3660 402 3667 ·
432 3649 728 3710 sententia
767 3659 875 3712 est.

1168 3850 1440 3920 CAPUT
1483 3849 1652 3918 XIV.

511 4058 555 4144 ς
596 4056 694 4120 40.
775 4078 915 4120 nam
948 4067 1005 4117 et
1036 4057 1107 4116 in
1138 4060 1223 4121 iis
1253 4061 1384 4120 eino
1412 4061 1583 4120 illius
1612 4057 1961 4137 suffimenta}
1979 4058 2084 4140 —)
2166 4060 2396 4138 Operae

434 4163 699 4243 pretium
767 4169 888 4239 est,
955 4159 1141 4222 animi
1206 4183 1380 4224 causa
1399 4210 1418 4239 ,
1483 4164 1786 4225 coniicere
1846 4163 1997 4243 quid
2065 4164 2129 4223 in
2187 4165 2403 4225 lacuna

2008 4267 2088 4327 25
2107 4271 2137 4304 *
