3131 5032
702 451 830 513 275
1427 445 1569 509 Lm.
1617 443 1682 527 1,
1737 451 1807 527 1,
1859 447 1920 509 4.

697 672 855 732 quae
902 650 1174 711 omnium
1225 650 1478 712 minime
1522 651 1629 709 hic
1666 648 1986 728 cogitanda
2017 655 2140 727 est3
2185 648 2285 708 vel
2318 667 2559 709 morum
2593 656 2662 710 et

698 754 949 834 agendi,
1002 762 1064 813 et
1114 753 1242 832 ipsa
1292 753 1440 812 hinc
1491 754 1691 814 aliena
1708 777 1726 831 3
1771 754 1871 812 vel
1913 751 2278 813 iudiciorum
2294 800 2314 830 ,
2355 772 2513 832 quae
2546 754 2658 813 mi-

697 858 864 917 nime
889 877 1031 917 cum
1062 857 1332 917 historici
1359 855 1553 917 officio
1586 856 2013 916 confundenda
2029 865 2135 916 est.
2187 855 2488 915 Postrema
2503 855 2659 914 haec

693 961 906 1021 crebro
937 960 1099 1039 apud
1133 959 1480 1020 Ciceronem
1520 969 2052 1034 commemoratur,
2101 959 2294 1019 veluti
2324 959 2491 1019 Vei-r.
2528 952 2617 1018 Ill
2634 1004 2653 1034 ,

696 1064 808 1140 69,
833 1063 947 1124 162
959 1110 979 1140 ‚
1009 1063 1228 1123 frustra
1245 1064 1519 1142 Zumptio
1545 1063 1633 1121 ibi
1660 1066 1963 1124 veritatem
1991 1061 2385 1122 defendente:
2422 1060 2653 1142 (quem-

696 1166 1025 1228 admodum
1072 1186 1152 1225 ne
1206 1167 1504 1226 Gronovio
1555 1166 1807 1245 quidem
1852 1167 2171 1242 assentior,
2213 1165 2323 1244 qui
2355 1166 2421 1223 in
2453 1165 2653 1224 Tacito

696 1270 857 1331 Ann.
899 1270 932 1330 1
950 1316 969 1346 ,
1010 1270 1089 1331 75
1105 1315 1124 1345 ,
1165 1269 1301 1329 init.
1335 1269 1492 1329 hanc
1536 1269 1753 1348 probat
1788 1270 2108 1330 lectionem
2125 1315 2143 1345 ‚
2183 1270 2287 1328 sed
2320 1270 2460 1328 dum
2493 1269 2653 1327 veri-

696 1376 809 1434 tati
842 1374 1204 1449 consulitur,
1245 1373 1485 1432 libertae
1526 1374 2003 1453 corrumpebatur
2007 1396 2036 1445 ,·
2076 1372 2393 1432 manifesto
2425 1371 2655 1451 quippe

694 1477 973 1536 severitas
1031 1474 1400 1534 iudiciorum
1468 1474 1793 1553 opponitur
1857 1472 2175 1532 ambitioni
2223 1480 2281 1532 et
2335 1473 2651 1547 mollitiei,

697 1597 854 1657 quae
904 1576 1054 1636 vitia
1105 1574 1445 1654 opprimere
1496 1574 1775 1634 studebat
1807 1574 2078 1634 Tiberius
2090 1599 2106 1651 ;
2149 1573 2466 1634 confundit
2501 1573 2654 1635 adeo

694 1680 1053 1739 alienissima
1089 1678 1184 1737 vir
1220 1677 1785 1757 praestantissimus:
1819 1696 1964 1736 nam
2001 1677 2067 1736 in
2102 1676 2222 1736 Cic.
2263 1675 2423 1736 Coel.
2460 1676 2535 1753 9,
2568 1676 2650 1737 22

695 1784 920 1844 iudicii
949 1786 1168 1842 veritae
1192 1801 1315 1841 non
1343 1780 1420 1840 ad
1449 1780 1681 1840 iudices
1710 1780 2000 1856 refertur,
2040 1780 2143 1839 sed
2170 1778 2248 1841 ad
2276 1800 2407 1839 rem
2432 1780 2615 1859 ipsam
2625 1804 2644 1857 3
2688 1836 2691 1837 γ

694 1884 848 1965 quid
901 1905 1113 1944 verum
1158 1884 1223 1941 in
1272 1883 1387 1943 hac
1428 1902 1605 1943 causa
1639 1883 1750 1958 sit,
1792 1883 2032 1961 inquit,
2068 1902 2191 1943 non
2223 1883 2505 1958 testibus,
2543 1881 2650 1942 sed

691 1988 1058 2066 argumentis
1087 1994 1150 2045 et
1183 1984 1367 2062 signis
1394 1984 1932 2045 demonstrandum
1960 1984 2094 2065 est.)
2150 1985 2367 2046 Contra
2396 1986 2460 2044 in
2480 1985 2647 2047 Verr.

691 2091 824 2151 Aet.
859 2089 911 2150 I.
951 2090 980 2149 1
1002 2134 1023 2166 ,
1064 2088 1133 2164 3,
1173 2088 1274 2147 ein
1305 2089 1484 2146 istius
1526 2089 1795 2168 inqentee
1830 2089 2082 2147 divitiae
2117 2089 2480 2148 iudiciorum
2515 2090 2649 2149 reli·

685 2194 922 2276 gionem
958 2192 1371 2269 veritatemque
1408 2191 1844 2271 perfregerint,
1886 2198 1957 2250 ut
1990 2188 2180 2249 edidit
2219 2190 2402 2250 Orell.
2419 2237 2439 2268 ,
2481 2198 2649 2252 extra

690 2291 1154 2355 controversiam
1199 2294 1678 2371 severitatemque
1712 2291 2155 2351 restituendum
2186 2300 2273 2352 est
2287 2338 2307 2368 ,
2349 2292 2516 2372 quod
2549 2293 2648 2353 vel

691 2417 766 2458 ex
798 2396 1073 2476 proxime
1097 2394 1412 2455 antecedd.
1443 2402 1708 2473 apparet.
1789 2395 1877 2454 Sit
1903 2396 2065 2455 enim
2097 2395 2181 2456 ita
2193 2441 2212 2472 ‚
2237 2395 2429 2477 (quod
2446 2405 2648 2458 tamen

691 2509 870 2582 negat
925 2496 1282 2579 Gronovius)
1343 2501 1649 2560 veritatem
1712 2497 1838 2560 dici
1894 2520 2007 2579 pro
2071 2500 2406 2579 aequitate,
2461 2500 2645 2584 (conf.

690 2603 938 2666 Ruhnk.
992 2603 1069 2663 ad
1104 2603 1291 2663 Rutil.
1328 2604 1478 2682 Lup.
1513 2624 1575 2682 p.
1613 2601 1691 2663 84
1712 2600 1754 2683 z)
1792 2602 1893 2663 sed
1926 2603 2161 2664 iudicia
2193 2625 2331 2664 vera
2370 2625 2492 2665 non
2526 2605 2649 2664 nisi

689 2707 844 2767 fictis
891 2715 954 2766 et
994 2706 1286 2766 simulatis
1329 2714 1750 2786 opponuntur3
1796 2713 2004 2767 contra
2035 2710 2318 2768 severitas
2336 2755 2355 2785 ,
2394 2707 2646 2770 iudicio·

690 2831 833 2871 rum
892 2810 1229 2886 socordiae,
1288 2808 1560 2888 ignaviae
1579 2856 1597 2885 ,
1669 2810 2075 2889 corruptioni:
2133 2812 2212 2872 cf.
2272 2811 2474 2874 Milon.
2525 2812 2643 2889 22,

689 2913 804 2990 59,
833 2933 930 2994 eq.
983 2945 1066 2958 —
1113 2911 1244 2973 Iam
1299 2913 1365 2971 in
1414 2913 1715 2992 praesenti
1764 2915 1935 2990 loco,
1976 2934 2132 2993 quae
2164 2916 2397 2977 1111113111
2428 2917 2648 2996 recipit

687 3016 1051 3077 severitatem
1067 3062 1085 3092 ‚
1126 3015 1287 3074 nihil
1337 3036 1445 3075 nos
1496 3016 1786 3076 adiuvant
1840 3015 2130 3077 Codicum
2168 3018 2641 3098 discrepantiae,

686 3119 806 3179 nisi
857 3119 1022 3199 quod
1066 3139 1142 3178 ex
1195 3117 1373 3179 Paris.
1428 3116 1470 3176 C
1526 3119 1784 3179 Moserus
1835 3127 2129 3180 memorat
2177 3123 2272 3180 vel
2310 3123 2368 3180 si
2401 3125 2639 3185 veritae.

685 3223 927 3283 Scilicet
961 3220 1252 3281 mendum
1287 3223 1568 3282 omnibus
1604 3222 1777 3281 libris
1810 3225 2099 3283 vetustius
2137 3225 2221 3284 ita
2253 3225 2468 3285 tollere
2498 3226 2645 3286 lice·

683 3323 808 3401 bit,
864 3323 1122 3401 legendo
1173 3324 1267 3382 m‘l
1309 3326 1437 3383 nisi
1484 3325 1731 3384 veritae:
1793 3331 1851 3383 et
1903 3325 2062 3385 bene
2109 3325 2346 3386 viderat
2374 3326 2642 3388 Davisius

690 3426 1001 3507 sequentia
1031 3426 1145 3507 (me
1179 3428 1354 3507 cupio
1389 3447 1508 3487 non
1539 3427 1872 3487 mendacem
1904 3429 2134 3510 putari)
2160 3428 2229 3488 in
2258 3429 2467 3509 primis
2497 3450 2659 3492 sua-,⁷

683 3529 831 3590 dere
868 3537 938 3588 ut
977 3530 1195 3590 veritas
1232 3538 1524 3591 servetur.

764 3642 821 3692 et
854 3632 1171 3693 mehercule
1198 3654 1302 3715 ego
1339 3655 1429 3692 me
1466 3631 1673 3714 cupio)
1725 3634 1842 3709 Qui
1870 3656 1961 3694 me
1989 3636 2340 3713 omiserunt,
2359 3646 2641 3700 errarunt

686 3736 927 3826 fortasse
960 3736 1026 3793 in
1069 3756 1176 3812 eo,
1216 3736 1381 3816 quod
1416 3757 1752 3816 pronomen
1785 3738 1851 3797 iu
1880 3738 2197 3799 mehercule
2232 3741 2424 3801 inesse
2458 3750 2641 3821 pute-

685 3848 864 3902 runt:
905 3839 1071 3899 falso.
1152 3839 1431 3900 Ceterum
1448 3886 1466 3916 ‚
1508 3839 1676 3920 quod
1721 3840 2068 3920 praefigitur
2101 3853 2158 3902 et
2171 3889 2190 3919 ,
2229 3843 2459 3904 indicat
2490 3863 2641 3904 con-

686 3944 822 4005 cedi
857 3943 1091 4024 »partim
1143 3942 1241 4001 isti
1291 3942 1796 4003 animadversioni
1855 3944 2320 4005 nonnullorum:
2374 3947 2531 4007 sicut
2571 3948 2640 4006 in

683 4045 946 4107 formula
997 4057 1052 4105 et
1099 4045 1370 4125 quidem,
1428 4047 1505 4105 de
1554 4066 1679 4124 qua
1730 4044 2002 4108 dicemus
2052 4047 2208 4110 infra
2242 4047 2320 4110 ad
2351 4047 2479 4125 111,
2526 4047 2639 4124 10,

684 4147 796 4210 24:
838 4149 922 4208 sic
962 4160 1019 4208 et
1043 4152 1305 4229 sortasse
1346 4170 1456 4228 pro
1495 4150 1716 4211 Scauro
1756 4149 1795 4230 §
1839 4151 1933 4212 41.
