3131 5032
1560 416 1730 439 .—

664 613 1019 696 agnoscant
1084 619 1353 688 omnes,
1420 610 1740 691 tantoque
1803 596 2061 670 facilius
2126 602 2604 693 igmseendum

658 742 761 800 est
788 728 1121 799 flammi
1140 777 1160 815 ,
1208 724 1468 814 sicubi,
1528 747 1668 818 quo
1709 723 1948 796 melius
1987 725 2398 820 intelligatur
2415 782 2439 819 ,
2486 755 2604 802 cu-

658 854 1020 926 mulatione
1072 852 1429 923 verborum
1476 851 1716 921 utitur.
1814 852 1962 922 Non
2011 854 2235 946 agitur
2263 854 2353 924 de
2390 855 2605 927 artifi-

658 983 762 1053 cio
804 980 1099 1075 quodam
1154 964 1481 1049 rhetorico
1495 1029 1517 1067 ,
1565 976 1686 1048 sed
1748 977 1836 1047 de
1888 1000 1968 1049 ea
2024 978 2237 1050 forma
2297 982 2605 1054 orationis

657 1132 831 1205 quae
866 1108 1230 1180 arctissime
1288 1129 1445 1177 eum
1512 1106 1656 1200 ipsa
1708 1106 2036 1176 sentiendi
2081 1106 2290 1177 forma
2335 1121 2407 1177 et
2446 1131 2606 1180 enm

658 1237 860 1305 animi
916 1234 1299 1306 conditione
1350 1232 1702 1303 coniuncta
1745 1245 1870 1303 est.
1969 1233 2151 1304 Haec
2186 1235 2244 1305 si
2288 1234 2415 1304 alia
2456 1234 2604 1306 fue-

658 1375 819 1433 runt
875 1363 945 1430 in
1004 1383 1082 1431 ea
1126 1360 1390 1430 civitate
1409 1408 1430 1447 ,
1480 1359 1550 1426 in
1587 1379 1721 1452 qua
1759 1360 1986 1428 omnia
2029 1358 2115 1428 ad
2155 1361 2603 1434 multitudinis

622 1500 627 1505 ’
656 1488 1004 1560 arbitrium
1042 1481 1615 1589 componebantur
1628 1533 1650 1572 ‚
1699 1483 2097 1579 odiosaeque
2133 1499 2326 1558 erant
2360 1509 2602 1583 pauco-

654 1636 807 1686 rum
852 1625 1316 1709 praepotentes
1377 1631 1538 1705 opes
1558 1661 1584 1699 ‚
1633 1609 1759 1679 alia
1812 1611 1882 1680 in
1928 1634 2009 1682 eo
2051 1614 2331 1706 imperio
2346 1663 2372 1702 ,
2418 1615 2604 1709 quod

652 1740 974 1812 diuturna
1024 1739 1343 1834 principis
1398 1736 1651 1807 ordinis
1701 1738 2095 1808 auctoritate
2151 1753 2447 1809 creverat
2461 1793 2486 1830 ,
2531 1753 2605 1811 et

651 1869 723 1936 in
762 1888 900 1961 quo
942 1886 1078 1934 non
1124 1863 1568 1958 gerendarum
1611 1873 1877 1932 tantum
1916 1882 2145 1933 rerum
2198 1864 2555 1959 prudentia
2577 1917 2599 1955 ,

654 1991 775 2063 sed
806 1988 1116 2061 orationis
1160 2010 1433 2085 quoque
1464 1987 1831 2059 moderatio
1866 1999 1937 2059 et
1972 1989 2368 2061 verecundia
2405 1991 2605 2061 uala-

655 2119 800 2188 titia
839 2116 1322 2187 consuetudine
1361 2102 1627 2186 exmflta
1671 2126 1813 2186 erat
1846 2116 1936 2186 ad
1981 2118 2372 2211 gravitatem
2409 2131 2485 2189 ‘et
2516 2117 2605 2187 ad

655 2245 1047 2339 dignitatem
1069 2293 1089 2333 ,
1156 2243 1463 2337 iniquum
1513 2253 1698 2312 oerte
1752 2254 1856 2312 est
1910 2242 2120 2315 altero
2158 2244 2255 2315 sie
2290 2243 2604 2315 delectari

657 2384 736 2443 ut
783 2371 1072 2442 alterum
1115 2382 1536 2459 contemnas,
1603 2390 1730 2441 nec
1773 2370 1844 2438 in
1887 2382 2175 2465 utroque
2212 2392 2453 2464 genere
2492 2394 2604 2443 eas

656 2516 1009 2593 agnoseere
1052 2497 1332 2569 virtutes
1386 2518 1562 2594 quae
1605 2497 1914 2593 propriae
1954 2497 2089 2567 sint
2128 2499 2360 2569 aetatis
2402 2510 2471 2568 et
2508 2499 2606 2569 ci-

654 2624 804 2695 vilis
860 2622 1277 2696 conditionis.
1377 2624 1625 2695 Utilius
1678 2635 1783 2695 est
1845 2644 2197 2716 agnoscere
2253 2624 2606 2718 utriusque

652 2751 907 2845 generis
963 2749 1193 2821 laudm
1247 2751 1448 2821 certis
1500 2748 1756 2821 finibus
1793 2749 2273 2821 circumscribi.
2371 2751 2606 2843 Itaque

654 2877 989 2948 celebrata
1024 2877 1139 2946 illa
1173 2876 1548 2948 Atticorum
1588 2875 1967 2969 eloquentia
2004 2876 2061 2947 si
2097 2888 2424 2971 perpetuo
2461 2887 2604 2946 nte·

655 3017 841 3075 retur
882 3004 996 3071 illa
1036 2999 1422 3097 παῤῥησίᾳ
1435 3050 1460 3092 ,
1501 2999 1684 3069 unde
1710 2998 2201 3096 μιαρωτάτω
2235 3013 2306 3071 et
2336 3001 2605 3097 θηρῶν

656 3142 726 3200 et
757 3126 1199 3224 καταράτου
1230 3125 1712 3219 appellationes
1741 3123 2203 3220 comeduntur
2217 3177 2239 3215 ‚
2280 3125 2605 3221 adspectu

654 3267 826 3326 esset
864 3255 1037 3325 truci
1081 3263 1153 3324 et
1191 3252 1500 3342 immani,
1547 3251 1824 3346 spiritus
1866 3249 2441 3325 fortasseeoedem
2480 3253 2606 3323 ad·

652 3383 1042 3453 miraremur
1061 3432 1082 3469 ,
1131 3400 1356 3450 veram
1408 3377 1786 3450 facundiam
1841 3378 2403 3451 desideraremus:
2449 3403 2604 3452 rur-
2673 3465 2679 3472 ‚

653 3533 769 3581 sus
833 3507 1169 3580 Ciceronis
1235 3506 1447 3577 oratio
1512 3506 1570 3577 si
1636 3506 1966 3600 cogitatur
2035 3505 2380 3600 aliquanto
2447 3504 2600 3599 plus

653 3638 852 3707 etiam
899 3632 1394 3705 mansuetudini
1440 3645 1512 3703 et
1549 3632 1768 3732 officio
1806 3632 2134 3723 tribuere,
2183 3632 2440 3704 abiecta
2479 3630 2603 3702 fiat

658 3783 923 3833 neeesse
964 3773 1071 3832 est
1108 3760 1199 3830 ad
1232 3760 1495 3831 inanem
1543 3760 2016 3856 loquacitatem
2056 3773 2175 3832 aut
2216 3758 2306 3829 ad
2349 3760 2602 3855 turpis·

654 3891 888 3960 simam
943 3888 1329 3959 servitutem
1349 3938 1371 3977 ,
1432 3901 1667 3959 contra
1715 3889 1769 3960 si
1824 3899 2190 3982 temperata
2229 3899 2334 3958 est
2366 3886 2455 3956 ad
2491 3909 2600 3956 ar-

655 4015 1075 4109 gutissimum
1140 4013 1364 4086 deeori
1419 4036 1690 4087 sensnm
1711 4066 1731 4104 ,
1805 4037 2023 4108 neque
2079 4026 2198 4085 aut
2256 4014 2597 4087 veritatem
