3131 5032
1331 434 1426 507 53

413 673 717 748 operum
750 661 823 719 et
868 646 1219 720 laborum.
1292 650 1955 747 Quassscompositio
1990 656 2163 722 anni
2195 676 2361 724 con-

411 769 598 842 ferre
631 767 851 841 debet
879 768 970 841 ad
1003 766 1518 868 perfectionem
1549 792 1856 867 operum
1893 775 2357 845 rusticorum:

407 888 610 986 quod
656 904 942 988 tempus
985 902 1068 959 ut
1110 886 1623 960 sacrificiorum
1660 888 2046 961 libamenta
2080 915 2363 962 serven-

407 1023 531 1080 tur
581 1007 916 1105 fetusque
964 1032 1309 1106 pecorum
1331 1059 1350 1094 ,
1403 1031 1590 1104 quae
1628 1008 1815 1080 dicta
1849 1012 1923 1078 in
1963 1008 2117 1104 lege
2155 1024 2322 1080 sunt
2344 1063 2363 1098 ,

408 1128 793 1225 diligenter
840 1126 1171 1200 habenda
1224 1130 1408 1198 ratio
1456 1127 1925 1200 intercalandi
1971 1143 2110 1199 est:
2162 1128 2365 1225 quod

410 1252 822 1320 institutum
881 1251 1110 1347 perite
1152 1274 1194 1320 a
1241 1251 1473 1319 Numa
1529 1252 2011 1347 posteriorum
2076 1246 2365 1345 pontifi-

407 1395 579 1443 cum
636 1369 1066 1468 negligentia
1124 1369 1552 1440 dissolutum
1608 1382 1734 1440 est.
1847 1374 1997 1441 Iam
2045 1368 2222 1441 illud
2276 1393 2364 1440 ex

409 1492 753 1562 institutis
798 1487 1228 1588 pontificum
1275 1503 1346 1560 et
1382 1488 1850 1587 haruspicum
1890 1514 2039 1560 non
2087 1500 2366 1560 mutan-

410 1607 589 1680 dum
623 1623 761 1698 est,
792 1607 1062 1704 quibus
1093 1607 1349 1678 hostiis
1372 1606 1891 1679 immolandum
1916 1611 2178 1704 cuique
2197 1607 2366 1694 den,

407 1731 530 1799 cui
566 1728 994 1819 maioribuS,
1047 1731 1166 1799 cui
1197 1725 1661 1816 lactentibus,
1701 1731 1820 1797 cui
1858 1726 2213 1816 maribuS‚
2255 1731 2370 1797 cui

414 1845 722 1919 feminiS.

508 1967 755 2039 Plures
792 1981 1035 2039 autem
1071 1966 1376 2039 deorum
1413 1970 1779 2059 omnium,
1831 1965 2092 2061 singuli
2133 1968 2374 2061 singu-

412 2084 650 2156 lorum
688 2086 1092 2158 sacerdotes
1139 2100 1212 2158 et
1253 2083 1738 2185 respondendi
1777 2087 1984 2173 iuris,
2037 2097 2109 2155 et
2148 2082 2371 2154 confi-

416 2205 795 2277 tendarum
830 2204 1256 2301 religionum
1290 2204 1702 2277 facultatem
1743 2201 2079 2276 afferunt.

510 2327 904 2420 Quumque
928 2328 1173 2414 Vesta,
1208 2327 1415 2420 quasi
1444 2321 1691 2395 focum
1722 2321 1960 2411 urbiS,
1987 2335 2070 2392 ut
2098 2325 2374 2392 Graeco
2436 2332 2439 2335 ’

419 2447 709 2515 nomine
742 2457 850 2514 est
874 2442 1260 2542 appellata,
1299 2440 1495 2540 quod
1536 2466 1670 2512 nos
1694 2464 1917 2541 prope
1944 2439 2135 2511 idem
2159 2445 2378 2513 Grae-

417 2589 579 2636 cum
624 2568 1178 2662 interpretatum
1225 2587 1493 2633 nomen
1541 2575 1905 2652 tenemuS,
1958 2585 2313 2660 conspexa
2347 2576 2369 2613 ¹

415 2688 537 2774 sit,
583 2688 652 2755 ei
690 2682 1033 2754 colendae
1069 2685 1379 2778 virgines
1427 2686 1772 2780 praesint,
1824 2696 1907 2753 ut
1951 2680 2379 2777 advigiletur

414 2802 694 2876 facilius
730 2801 823 2874 ad
861 2801 1259 2873 custodiam
1306 2804 1524 2899 ignis,
1577 2815 1648 2872 et
1693 2803 2004 2872 sentiant
2043 2801 2377 2872 mulieres

415 2929 877 2994 innaturam²
932 2918 1365 2992 feminarum
1418 2944 1711 2991 omnem
1763 2922 2158 2990 castitatem
2206 2924 2373 3017 pati.

514 3041 734 3133 Quod
777 3044 1110 3138 sequitur
1159 3064 1332 3110 vero
1374 3063 1521 3110 non
1565 3038 1799 3109 solum
1832 3037 1921 3109 ad
1957 3038 2376 3135 religionem

418 3165 767 3261 pertinet,
817 3160 942 3232 sed
993 3163 1207 3232 etiam
1256 3157 1348 3229 ad
1400 3161 1701 3230 civitatis
1742 3171 2045 3246 statum,
2096 3171 2178 3228 ut
2224 3161 2376 3231 sine

417 3281 532 3352 his
563 3298 588 3336 ⁸
637 3285 768 3378 qui
816 3283 1030 3352 sacris
1067 3278 1358 3378 publice
1404 3281 1721 3377 praesint
1774 3277 2103 3374 religioni
2144 3281 2375 3377 priva-

419 3417 534 3475 tae
570 3399 975 3474 satisfacere
1020 3424 1168 3469 non
1210 3403 1511 3498 possint.
1611 3402 1948 3470 Continet
1985 3402 2176 3469 enim
2221 3423 2374 3469 rem

419 3522 785 3622 publicam
814 3520 1109 3591 consilio
1135 3533 1206 3591 et
1241 3523 1669 3591 auctoritate
1702 3522 2158 3616 optimatium
2192 3543 2375 3590 sem-

424 3666 556 3740 per
600 3639 957 3741 populum
1005 3638 1348 3734 indigere.
1460 3641 2013 3736 Descriptioque
2053 3637 2379 3708 sacerdo-

423 3776 581 3833 tum
619 3760 902 3832 nullum
935 3763 1161 3830 iustae
1195 3758 1559 3855 religionis
1591 3782 1817 3856 genus
1848 3759 2374 3856 praetermittit.

426 3888 610 3956 Nam
656 3895 828 3954 sunt
868 3878 960 3953 ad
1003 3878 1388 3979 placandos
1429 3878 1605 3951 deos
1636 3878 1754 3951 alii
1790 3880 2194 3962 constituti,
2245 3878 2375 3969 qui
2416 3959 2425 3964 .

825 4055 1066 4064 ———-—⁴..-

489 4146 504 4177 ¹
539 4141 836 4213 complexe.
907 4146 930 4182 ²
967 4155 1220 4198 naturam.
1294 4147 1316 4184 ⁸
1353 4145 1438 4196 iis.
