3131 5032
798 400 933 467 616
1479 397 1622 463 Lm.
1666 396 1798 484 111,
1845 403 1922 480 9,
1970 400 2078 463 22.

791 625 905 666 neo
949 603 1239 665 recusabo
1274 611 1600 664 retractare
1631 603 2031 682 suspicionem
2073 602 2125 661 si
2162 598 2566 680 prudentibus
2597 599 2776 661 iudi-

789 708 965 769 cibus
996 707 1370 785 displicebit:
1416 728 1564 787 quas
1591 739 1675 751 —
1689 708 1873 786 foetu
1905 705 2067 765 edere
2093 705 2300 785 potuit
2334 703 2571 784 impura
2596 703 2778 763 belsia

791 832 824 870 s
875 811 1189 870 multorum
1242 812 1502 891 conflata
1538 809 1883 889 furoribus.
1978 806 2065 867 De
2116 806 2405 882 Catilina,
2454 826 2566 886 pro
2608 805 2775 867 Coel.
2878 795 2882 804 ’

795 914 868 987 5,
920 912 1032 988 12,
1071 923 1392 972 monstrum
1424 944 1506 958 --
1541 932 1617 970 σε
1653 910 1970 970 contrariis
2018 910 2382 988 diversisque
2419 941 2502 956 -
2538 909 2775 989 cupidi·

795 1016 1019 1075 tatibus
1068 1013 1409 1096 confinium.
1493 1013 1693 1073 Unum
1736 1011 2080 1073 describere
2119 1010 2315 1071 voluit
2349 1010 2609 1086 Quintus
2641 1010 2775 1072 Clo·

793 1117 1005 1192 dium,
1055 1136 1240 1195 quem
1293 1135 1366 1176 ex
1420 1116 1727 1190 omnium,
1768 1116 1877 1194 qui
1915 1134 2206 1194 umquam
2241 1113 2526 1190 fuissent,
2568 1114 2774 1174 tribu-

793 1239 1013 1282 norum
1053 1217 1361 1279 furoribus
1399 1217 1730 1278 conflatum
1772 1237 1896 1277 esse
1937 1216 2107 1278 dicit.
2746 1297 2751 1304 .

877 1322 1110 1382 Sullam
1129 1322 1319 1401 probo
1333 1364 1352 1396 ,
1380 1322 1489 1400 qui
1514 1352 1596 1365 —
1619 1319 1951 1399 reliquerit)
2031 1320 2185 1379 Ilino
2211 1318 2448 1379 Cluent.
2480 1316 2590 1393 40,
2625 1316 2767 1394 110,

791 1435 979 1484 rosim
1032 1425 1155 1482 iam
1205 1423 1314 1482 diu
1367 1444 1590 1497 vacua,
1649 1423 1953 1501 locumque
2010 1423 2217 1496 illum,
2264 1432 2405 1501 post
2456 1421 2772 1481 adventans

791 1526 863 1585 L.
903 1526 1143 1601 Sullas,
1185 1547 1225 1585 a
1259 1526 1592 1586 tribunicia
1629 1545 1767 1584 00oe
1798 1524 2115 1599 dusaritim,
2151 1534 2527 1604 oppresserat.
2597 1522 2770 1583 Conf-

794 1627 1092 1688 Ferratius
1129 1636 1191 1687 et
1220 1627 1498 1687 Garaton.
1527 1625 1609 1685 ad
1640 1624 1808 1686 Verr.
1830 1627 1890 1701 1,
1916 1626 2028 1700 60,
2061 1625 2195 1686 155.
2238 1626 2450 1686 Salust.
2485 1625 2697 1687 uiator.
2717 1624 2766 1685 1.

792 1730 860 1792 in
896 1729 1166 1789 oratione
1201 1728 1449 1807 Lepidi,
1491 1747 1553 1806 p.
1593 1728 1733 1788 942.
1770 1728 1875 1790 fin.
1912 1728 2104 1804 Cort.,
2138 1735 2201 1787 et
2237 1728 2450 1788 ilistor.
2487 1726 2599 1786 111.
2636 1745 2765 1787 ora·

795 1831 882 1894 tio
921 1832 1102 1892 Macri
1142 1831 1395 1906 Licinii,
1437 1850 1498 1909 p.
1545 1830 1687 1892 967.
1724 1851 1855 1912 sqq.

873 1933 1250 2015 Pompeium)
1328 1934 1688 1994 Restitutam
1740 1954 1865 1995 ome
1908 1933 2298 1994 tribuniciam
2341 1939 2689 2012 potestatem
2722 1950 2764 1992 a

793 2035 1078 2114 Pompeio
1129 2036 1197 2094 in
1247 2037 1445 2114 primo
1479 2036 1797 2098 consulatu
1813 2083 1832 2110 ,
1876 2044 2041 2096 reete
2073 2042 2467 2098 annotaverat
2496 2035 2616 2093 iam
2649 2033 2760 2094 Er-

791 2146 997 2198 nestus
1048 2137 1127 2198 ad
1176 2138 1357 2198 Tacit.
1405 2137 1567 2198 Anu.
1606 2138 1734 2212 111,
1777 2137 1877 2199 27.
1920 2138 2024 2199 fin.
2078 2147 2142 2199 et
2182 2146 2324 2198 ante
2363 2157 2507 2198 eum
2544 2136 2761 2196 Fabrit.

793 2241 937 2300 nist.
991 2239 1114 2301 cio.
1169 2239 1247 2299 ad
1300 2240 1373 2299 A.
1419 2239 1488 2300 U.
1536 2240 1678 2300 683.
1718 2239 1885 2316 fin.,·
1913 2246 1977 2300 et
2025 2241 2268 2300 Ursinus
2320 2240 2399 2299 ad
2449 2237 2618 2300 Verr.
2664 2237 2759 2311 11,

792 2342 891 2418 41,
922 2343 1059 2405 100.
1100 2343 1312 2404 Salust.
1337 2341 1511 2404 Catil.
1535 2341 1857 2418 XXXVIII,
1879 2342 2013 2404 init.
2041 2343 2253 2421 ibique
2272 2341 2428 2402 Cort.
2458 2339 2757 2401 Plutarch.

791 2444 998 2525 Pomp.
1032 2466 1094 2526 p.
1130 2445 1270 2507 629.
1305 2446 1386 2507 Ε.
1454 2447 1780 2525 Quumque
1822 2446 2004 2507 huius
2040 2446 2133 2505 rei
2170 2444 2489 2524 aliquoties
2521 2445 2587 2503 in
2624 2442 2759 2504 Ver-

791 2548 944 2608 rinis
973 2549 1156 2609 faciat
1192 2549 1562 2609 mentionem
1599 2548 1839 2624 Cicero,
1881 2548 2079 2609 Divin.
2116 2548 2334 2608 Caecil.
2371 2546 2446 2623 3,
2478 2546 2536 2607 8.
2594 2546 2756 2607 Verr.

793 2648 927 2709 Aet.
964 2648 1031 2724 1,
1080 2648 1190 2723 15,
1234 2647 1331 2708 44.
1374 2647 1444 2708 V.
1489 2648 1590 2709 63.
1636 2648 1770 2709 init.
1809 2647 1922 2723 68,
1971 2649 2122 2724 175,
2178 2647 2364 2728 (quae
2411 2667 2585 2708 eausa
2627 2654 2756 2707 aeta

794 2758 881 2810 est
925 2748 1209 2828 Pompeio
1243 2750 1513 2828 primum
1549 2747 1705 2828 Cos.)
1742 2748 1933 2808 mirus
1967 2756 2056 2808 est
2090 2769 2259 2808 error
2296 2756 2428 2809 tum
2464 2748 2758 2823 aliorum,

794 2860 929 2912 tum
993 2850 1236 2926 moseri,
1308 2850 1418 2928 qui
1483 2850 1562 2909 ad
1630 2850 1963 2915 secundum
2025 2850 2295 2928 Pompeii
2349 2850 2759 2927 consulatum,

795 2952 866 3015 A.
909 2951 977 3010 U.
1019 2950 1170 3026 698,
1212 2949 1417 3012 refert.

877 3055 1086 3113 ceteris
1142 3054 1311 3113 rebus
1365 3055 1638 3114 osnnibus
1695 3076 1919 3135 sempor
1967 3056 2352 3136 amplissimis
2406 3057 2759 3136 summisque

797 3158 973 3237 effero
1026 3154 1326 3236 laudibus)
1405 3156 1663 3218 Defendi
1716 3159 1940 3236 poterit
1988 3157 2233 3219 sortasse
2281 3158 2521 3219 omissio
2560 3178 2757 3238 praep.

796 3260 866 3317 in
912 3267 1054 3318 ante
1088 3262 1332 3335 ceteris,
1385 3279 1461 3319 ex
1498 3280 1573 3320 ea
1607 3259 2021 3320 observatione
2060 3267 2128 3319 ut
2164 3262 2340 3338 effero
2381 3259 2655 3320 laudibus
2688 3259 2763 3318 sit

795 3381 909 3439 pro
952 3361 1164 3438 laudo,
1216 3362 1301 3422 ita
1344 3370 1509 3422 reete
1552 3362 1618 3420 in
1668 3362 1933 3421 alssativo
1974 3361 2098 3422 dici
2153 3361 2255 3437 id,
2308 3370 2555 3441 propter
2598 3360 2760 3440 quod

794 3461 1080 3523 laudetur
1129 3463 1303 3542 quid.
1394 3464 1510 3523 Sed
1563 3466 1950 3544 amplissimis
1999 3466 2358 3542 summisque
2405 3465 2508 3523 vix
2557 3462 2758 3523 seren-

797 3569 949 3627 dum
1001 3573 1168 3643 puto.
1251 3565 1434 3626 Recte
1470 3567 1835 3633 alterutrum
1871 3566 2132 3643 dicitur,
2174 3575 2237 3626 et
2276 3567 2672 3647 amplissimae
2705 3573 2763 3626 et

794 3687 1054 3726 summae
1091 3667 1328 3727 laudes.-
1383 3667 1489 3727 sed
1525 3668 1638 3729 ista
1674 3669 1973 3730 adiectiva
2006 3690 2119 3729 nee
2151 3669 2343 3730 solent
2377 3688 2492 3728 nee
2526 3675 2763 3746 possunt

798 3766 1118 3847 coniungi,
1167 3777 1228 3827 et
1274 3769 1565 3846 posterius
1616 3769 1910 3851 (summis)
1960 3779 2161 3832 ortum
2211 3779 2300 3830 est
2349 3791 2424 3830 ex
2477 3771 2763 3831 termina-

798 3870 961 3930 tione
1011 3870 1451 3949 praeeedentis:
1505 3871 1586 3933 es.
1624 3872 1806 3933 modo
1860 3893 2039 3952 supra
2092 3892 2154 3953 p.
2205 3872 2343 3936 614.
2441 3875 2764 3951 Quumque

796 3975 1037 4052 Lagom.
1087 3973 1166 4034 39
1218 3997 1328 4054 que
1377 3974 1642 4048 omittat,
1691 3975 1977 4054 equidem
2021 3982 2216 4037 totum
2254 3978 2613 4056 summisque
2666 3974 2761 4041 dc·

795 4076 1048 4138 lendum
1088 4085 1253 4156 puto.
