3131 5032
790 448 920 516 492
1473 438 1616 506 Lm.
1663 438 1759 525 11,
1807 440 1884 522 6,
1941 441 2036 509 15.

779 676 902 714 non
966 653 1162 712 dixit?
1263 647 1425 708 Num
1474 649 1668 728 iqitur
1719 648 1875 706 iacet
1940 645 2392 726 Theophrastus,
2454 649 2516 706 si
2577 649 2648 707 id
2705 670 2745 708 a

785 759 1059 830 Timaeo,
1101 766 1201 814 tuo
1233 751 1586 834 familiari,
1637 749 2038 830 reprehensum
2073 750 2206 808 est?
2285 751 2451 825 Quae
2495 752 2562 810 in
2614 752 2745 830 epi-

777 862 925 922 stola
972 859 1160 938 posita
1213 856 1286 918 A.
1339 855 1405 915 11.
1457 852 1577 914 704
1611 854 1831 931 scripta
1864 852 2228 930 persuadent
2257 854 2520 933 quodam
2559 855 2745 916 modo

773 966 883 1026 hos
933 964 1020 1024 De
1073 959 1331 1039 Legibus
1380 956 1568 1015 libros
1607 964 1754 1016 tunc
1797 965 1963 1015 certe
2002 957 2271 1016 nondum
2306 957 2501 1017 editos
2533 958 2740 1019 fuisse.

771 1068 1115 1139 Timaeum,
1156 1083 1279 1142 quo
1312 1059 1491 1120 modo
1521 1056 1603 1116 ad
1633 1056 1902 1116 Atticum
1927 1056 2227 1132 scribens,
2268 1070 2435 1117 tuum
2455 1060 2740 1139 sanilia-

772 1192 893 1230 νοω
947 1167 1243 1249 appellet,
1300 1161 1545 1223 difficile
1602 1168 1690 1219 est
1739 1160 1818 1219 ad
1870 1160 2339 1238 explicandum:
2402 1162 2521 1221 alia
2569 1171 2740 1222 certe

773 1273 1009 1334 ratione
1043 1267 1241 1329 simile
1283 1264 1437 1346 qnid
1479 1264 1731 1343 ponitur
1767 1263 1928 1325 Orat.
1963 1262 2087 1338 111,
2133 1262 2239 1339 19,
2277 1263 2389 1338 71,
2425 1263 2503 1324 de
2526 1264 2740 1324 Demo·

775 1376 1006 1435 sthene.
1086 1371 1203 1431 Sed
1250 1391 1329 1430 nc
1372 1369 1668 1443 Quintum
1702 1366 1954 1446 quidem
1989 1366 2285 1445 hospitem
2321 1368 2501 1427 fuisse
2529 1368 2591 1426 in
2621 1368 2741 1428 ino

775 1497 1001 1556 genere
1029 1476 1375 1547 literarum,
1404 1470 1803 1548 intelligimus
1824 1489 1899 1528 ex
1924 1467 2072 1545 Epp.
2092 1466 2170 1525 ad
2188 1468 2301 1541 Qu.
2321 1468 2397 1528 fr.
2425 1468 2638 1543 11‚13‚
2671 1470 2737 1530 4.

856 1592 922 1642 at
977 1578 1400 1658 Theophrastus
1450 1606 1536 1623 ——
1579 1583 2024 1633 commemorant
2065 1572 2225 1652 vem)
2306 1571 2496 1632 Locus
2532 1591 2738 1631 corru.

774 1693 951 1765 ptus,
1003 1684 1068 1742 in
1120 1701 1245 1761 quo
1287 1675 1661 1739 restituendo
1691 1676 1846 1734 nihil
1884 1675 2177 1734 adiuvant
2209 1674 2395 1734 Codd.
2424 1675 2737 1754 Apponam

777 1808 885 1865 ea,
942 1785 1111 1846 unde
1165 1783 1246 1844 de
1298 1779 1691 1841 Ciceroniano
1751 1798 1920 1837 more
1971 1786 2232 1838 statuere
2285 1779 2430 1838 licet
2499 1780 2561 1837 iu
2625 1779 2738 1837 ino

777 1889 1050 1952 modesto
1075 1883 1411 1948 affirmandi
1436 1901 1679 1962 genere.
1761 1881 1920 1942 Orat.
1947 1881 2041 1956 11,
2080 1880 2183 1957 13,
2218 1881 2324 1957 56,
2370 1882 2738 1961 Thucydides

778 2015 976 2054 omnes
1035 1989 1273 2050 dicendi
1335 1986 1633 2059 artificio,
1699 2005 1828 2042 mea
1886 1986 2213 2059 sententia,
2265 1985 2465 2065 facile
2527 1985 2740 2045 vincit.

776 2095 928 2156 ibid.
971 2091 1080 2169 14,
1122 2090 1239 2166 58,
1280 2089 1588 2167 aliquanto
1629 2097 1823 2145 tamen
1857 2097 1971 2161 est,
2012 2097 2081 2145 ut
2118 2087 2269 2145 mihi
2301 2088 2537 2167 quidem
2569 2089 2741 2147 vide-

779 2210 913 2273 tur,
954 2196 1202 2255 dulcior.
1244 2190 1394 2251 ibid.
1429 2189 1540 2265 23,
1582 2189 1692 2264 95,
1733 2189 2057 2248 Phalereus
2099 2190 2200 2250 ille
2239 2191 2577 2252 Demetrius
2610 2213 2740 2250 ont—

776 2303 949 2360 nium
998 2300 1243 2358 istorum
1261 2340 1279 2371 ,
1320 2315 1451 2353 mea
1484 2295 1775 2352 sententia
1792 2336 1812 2368 ,
1849 2294 2280 2373 politissimus:
2320 2295 2480 2355 conf.
2513 2296 2580 2371 l,
2620 2296 2703 2357 27
2718 2343 2739 2374 ,

778 2402 929 2480 122,
970 2403 1038 2460 in
1066 2398 1291 2479 quibus
1321 2397 1604 2458 omnibus
1635 2417 1766 2456 noca
1793 2399 2112 2472 seruantia,
2152 2398 2364 2475 simil.‚
2401 2401 2742 2480 interponi-

772 2516 913 2584 tur,
960 2502 1125 2586 quod
1175 2502 1309 2562 aliis
1348 2502 1528 2578 locis,
1579 2500 1739 2560 Orat.
1788 2500 1850 2576 Ι,
1903 2500 2018 2577 57,
2071 2500 2211 2563 243.
2294 2501 2458 2564 Offic.
2503 2503 2566 2579 Ι,
2624 2502 2694 2564 11
2720 2551 2739 2579 ,

775 2612 896 2688 35,
953 2606 1365 2693 praeponitur.
1462 2604 1720 2663 Tantum
1766 2603 1928 2663 inde‘
1956 2605 2238 2682 conficio,
2290 2626 2604 2686 perperam
2638 2626 2744 2667 eos

775 2713 1089 2788 iudicare,
1140 2710 1250 2789 qui
1292 2708 1359 2767 h.
1396 2708 1440 2767 l.
1485 2729 1616 2766 mea
1663 2707 1899 2786 quidem
1930 2711 2221 2769 sententia
2254 2710 2317 2768 in
2355 2709 2475 2770 fine
2506 2719 2745 2770 senten·

779 2817 902 2876 tiae
934 2820 1192 2893 ponunt.
1272 2807 1499 2869 Verum
1530 2807 1690 2866 illud
1717 2807 1885 2885 quod
1911 2808 2244 2869 istiusmodi
2280 2808 2573 2869 formulae
2602 2810 2747 2871 sul)-

777 2919 1022 2993 iicitur,
1061 2912 1388 2996 quamdam
1426 2910 1648 2969 habeat
1690 2911 1899 2984 ἐξοχήν
1951 2911 2049 2971 vel
2095 2911 2291 2972 laudis
2322 2913 2422 2973 vel
2456 2914 2746 2993 vituperii

777 3039 1018 3081 necesse
1079 3025 1199 3092 est,
1258 3034 1416 3095 quae
1472 3034 1594 3073 non
1654 3013 1794 3072 satis
1852 3013 2330 3094 deprehenditur
2386 3017 2452 3076 in
2502 3019 2743 3092 melior,

779 3142 972 3202 quum
1021 3118 1411 3201 praecesserit
1458 3116 1622 3176 haud
1664 3117 1931 3178 deterior.
2011 3118 2159 3179 Tum
2204 3120 2320 3180 hoc
2365 3122 2743 3199 agnoscitur,

778 3246 984 3305 spero,
1030 3224 1305 3301 ineptum
1341 3240 1466 3280 esse
1510 3220 1686 3278 multi
1722 3222 2071 3281 nominant:
2110 3224 2513 3284 controversia
2547 3232 2633 3283 est
2664 3223 2747 3284 de

780 3328 1136 3389 auctoritate
1166 3322 1557 3403 Theophrasti
1590 3342 1745 3401 quae
1778 3323 2018 3384 Timaeo
2045 3327 2396 3404 opponitur,
2442 3347 2556 3388 uec
2587 3328 2746 3386 mul·

777 3431 1060 3492 titudinis
1108 3429 1179 3487 in
1227 3427 1345 3486 hac
1399 3447 1466 3486 re
1515 3427 1615 3485 vel
1670 3426 1969 3487 iudicium
2023 3429 2121 3489 vel
2165 3430 2574 3490 testimonium
2621 3449 2749 3490 esse

780 3541 1034 3615 poterat.
1114 3528 1663 3608 Languidissimum
1703 3536 1907 3589 autem
1948 3537 2036 3589 est
2079 3533 2421 3593 nominant:
2474 3532 2747 3591 Timaeus

780 3636 910 3715 ipse
957 3650 1204 3710 quoquc
1244 3632 1651 3689 nominaverat
1702 3628 2056 3689 Zaleucum:
2114 3632 2219 3692 sed
2253 3634 2362 3712 qui
2399 3634 2749 3694 nominatur

783 3734 1058 3797 noudum
1103 3731 1286 3791 fuisse
1332 3730 1802 3791 demonstratur:
1845 3733 2163 3813 multoque
2205 3738 2401 3815 aptius
2434 3736 2511 3797 de
2547 3737 2749 3796 Locris

784 3838 1013 3900 dicitur
1047 3846 1529 3911 commemorant,
1572 3834 1615 3894 i.
1654 3855 1707 3895 e.
1743 3837 2022 3914 populari
2057 3838 2378 3900 traditione
2412 3849 2473 3900 et
2507 3840 2750 3899 fortasse

784 3938 1197 4006 monumentis
1243 3938 1426 3998 etiam
1476 3946 1716 3998 servant
1765 3938 1918 3998 illud
1938 3986 1957 4014 ,
2016 3941 2338 4003 Zaleucum
2388 3943 2552 4021 leges
2597 3944 2749 4003 scri-

785 4048 987 4129 psisse.
1066 4044 1220 4103 Hinc
1273 4050 1505 4122 praesto
1554 4049 1677 4116 est,
1737 4062 1860 4102 uno
1909 4044 2203 4107 vocabulo
2254 4047 2616 4125 interpolato
2650 4066 2752 4105 ex·

787 4152 992 4230 pulso,
1032 4150 1265 4227 legere,
1306 4158 1371 4205 at
1416 4144 1836 4224 Theophrastus
1870 4160 2077 4210 auctor
2107 4150 2268 4210 haud
2299 4151 2580 4225 deterior,
2623 4171 2758 4209 mea
