3131 5032
1170 474 1316 544 Lm.
1360 475 1456 562 11,
1502 481 1581 551 4.
1641 482 1737 547 10.
2302 484 2431 554 479

472 684 567 746 his
616 682 813 744 verbis
856 683 1013 744 inest
1062 683 1390 758 sententia,
1431 681 1749 744 confirmat
1803 703 1910 760 ee,
1951 704 2109 765 quae
2143 706 2323 765 supra
2357 686 2439 747 de

480 787 671 849 verbis
719 788 844 847 vim
878 787 1087 848 habere
1124 794 1241 848 cet.
1286 785 1606 866 disputavi.
1689 787 1841 847 Erat
1860 832 1877 863 ,
1919 788 1962 848 i.
1999 809 2055 850 e.
2090 789 2441 850 hominibus

474 891 597 952 iam
628 891 870 951 valebat
899 911 972 950 ea
1005 891 1185 965 ratio,
1216 908 1376 970 quae
1401 910 1502 951 eos
1529 890 1886 968 impellebat
1911 891 1990 951 ad
2021 901 2187 955 recte
2215 893 2438 955 facien·

472 993 627 1054 dum
658 1014 879 1075 :neque
894 994 1259 1074 simulatque
1287 995 1477 1055 calex
1503 996 1727 1074 scripta
1745 1004 1832 1056 est
1859 997 2082 1057 amittit
2107 999 2275 1059 illam
2296 1000 2440 1061 vim.

552 1118 673 1156 non
699 1110 823 1158 tum
855 1095 1131 1178 denique)
1210 1098 1457 1158 Edenda
1486 1097 1684 1158 fuerat
1709 1101 2117 1160 recentiorum
2148 1102 2443 1162 librorum

470 1199 684 1276 lectio,
716 1213 840 1262 tum
873 1203 1129 1275 demum,
1156 1201 1207 1259 si
1239 1202 1491 1281 quidem
1524 1222 1671 1263 vere
1700 1202 1976 1262 distinxit
2000 1204 2124 1264 duo
2151 1206 2442 1267 vocabula

472 1303 706 1384 Grysar.
754 1305 863 1384 Op.
910 1303 1055 1364 laud
1089 1324 1151 1383 p.
1188 1305 1325 1365 511.
1369 1325 1455 1384 sq.
1539 1304 1732 1365 Pudet
1766 1305 2081 1366 Goerenzii
2117 1328 2307 1387 nugas
2338 1329 2443 1370 re-

471 1406 702 1467 futare:
744 1415 808 1467 et
840 1406 995 1487 quid
1030 1414 1119 1466 est
1154 1406 1314 1466 illud
1346 1407 1515 1487 quod
1548 1408 1807 1469 Moscrus
1840 1418 1901 1469 et
1935 1410 2273 1472 Ochsnerus
2303 1431 2443 1473 con·

472 1510 771 1585 tendunt,
822 1509 1180 1588 exquisitius
1232 1530 1357 1570 esse
1412 1510 1665 1591 denique
1714 1532 1896 1591 quam
1938 1514 2208 1573 danum?
2249 1515 2445 1593 Igitur

470 1632 556 1673 ne
592 1611 861 1672 Haudius
894 1611 1144 1692 quidem
1179 1632 1215 1673 a
1249 1613 1562 1673 communi
1602 1615 1764 1673 cavit
1801 1634 2036 1691 errore,
2077 1617 2325 1678 Tursell.
2362 1618 2443 1681 11.

473 1733 536 1795 p.
571 1716 712 1778 275.
754 1736 842 1795 sq.
923 1715 1199 1795 Denique
1218 1760 1237 1792 ,
1278 1715 1479 1794 inquit
1495 1761 1517 1791 ‚
1558 1717 1622 1774 in
1671 1716 2032 1795 quibusdam
2078 1718 2446 1781 dictionibus

471 1819 691 1881 eodem
726 1819 908 1880 modo
940 1827 1295 1898 usurpatur,
1337 1838 1462 1897 quo
1495 1819 1727 1878 demum
1741 1843 1768 1891 ;
1811 1829 1882 1880 ut
1915 1822 1971 1880 is
2005 1822 2291 1902 denique,
2334 1844 2448 1903 pro

470 1923 531 1982 ὅσ
575 1923 826 1984 demtum
924 1920 1246 1981 Videamus
1289 1921 1595 1981 Ciceronis
1642 1929 1807 1982 certe
1857 1923 2018 1984 locos
2033 1970 2053 2000 ,
2106 1925 2172 1984 in
2221 1926 2446 2004 quibn‘s

471 2025 724 2106 denique
776 2045 889 2105 pro
935 2025 1165 2084 άοηιιιηι
1217 2043 1342 2083 eme
1388 2022 1635 2084 dicitur.
1734 2022 1849 2086 Pro
1901 2027 2107 2100 Quint.
2154 2027 2273 2105 31,
2322 2027 2441 2104 99,

472 2130 836 2211 sexagesimo
859 2128 1111 2207 denique
1140 2147 1329 2202 anno,
1361 2129 1612 2206 ponitur
1640 2125 1717 2186 ad
1742 2127 2261 2205 concludendum,
2294 2138 2445 2191 tam·

473 2252 659 2312 quam
712 2231 882 2311 quod
930 2252 1060 2291 rem
1121 2230 1397 2291 conficiat
1460 2239 1589 2310 post
1651 2230 2039 2291 antecedens:
2097 2232 2447 2293 stultissime

476 2332 783 2394 diceretur
833 2334 901 2391 in
949 2334 1066 2393 hec
1117 2334 1412 2393 sententia
1430 2378 1448 2407 ‚
1507 2334 1735 2392 &mum
1755 2379 1771 2407 ,
1828 2335 1999 2413 quasi
2040 2337 2259 2396 melius
2292 2344 2447 2398 emet

477 2452 624 2493 eum
648 2435 821 2513 prius
849 2433 1180 2510 ignominia
1206 2441 1480 2494 notatum
1521 2454 1665 2495 esse.
1736 2435 1908 2495 ldem
1939 2437 2097 2496 valet
2123 2437 2203 2499 de
2237 2439 2440 2501 nilon.

484 2537 588 2613 13,
615 2537 725 2614 34,
759 2536 865 2597 ubi
901 2537 1152 2615 denique
1178 2544 1265 2596 est
1284 2547 1598 2616 postremo.
1677 2534 1777 2594 Ad
1791 2536 1921 2598 niv.
1942 2538 2052 2613 lx,
2075 2540 2179 2615 14,
2199 2544 2441 2615 5,extr.

477 2662 675 2701 amam
691 2640 998 2702 conclusio
1024 2647 1113 2699 cst
1131 2639 1287 2719 eius,
1318 2638 1482 2719 quod
1508 2647 1682 2700 antea
1701 2640 1948 2721 diligero
1969 2651 2117 2703 erat.
2135 2643 2301 2704 Tusc.
2320 2645 2446 2722 111,

476 2743 547 2804 31
560 2744 672 2820 ,75
688 2790 707 2820 ,
727 2745 977 2823 denique
1005 2741 1189 2801 finem
1216 2742 1448 2803 indicat
1476 2743 1610 2802 eius
1636 2742 2030 2819 conditionis,
2070 2746 2135 2804 in
2161 2765 2286 2824 qua
2315 2747 2443 2826 opi·

477 2847 584 2907 nio
620 2847 765 2907 mali
794 2865 1006 2906 recens
1039 2845 1306 2921 dicatur,
1340 2865 1465 2906 non
1498 2846 1772 2907 continet
1800 2846 2044 2906 initium
2073 2849 2218 2907 novi
2244 2850 2445 2909 cuim·

477 2949 643 3012 dam.
722 2950 820 3010 Sic
846 2950 934 3009 De
962 2949 1249 3009 Universo
1275 2948 1415 3029 Cap.
1434 2949 1476 3010 6
1504 2948 1607 3009 fin.
1623 2995 1643 3026 ,
1672 2947 1752 3009 de
1778 2969 1851 3009 eo
1877 2949 2043 3028 qued
2074 2959 2445 3029 postremum

478 3052 632 3115 deus
669 3053 906 3114 efficere
941 3051 1291 3112 instituisset
1302 3076 1322 3129 3
1366 3052 1767 3131 similiterque
1801 3052 1944 3133 Cap.
1981 3052 2039 3114 8.
2067 3054 2203 3116 init.
2293 3057 2446 3117 Tum

476 3157 730 3237 denique
746 3202 764 3233 ,
822 3158 887 3215 in
936 3156 1141 3216 Caton.
1183 3155 1315 3217 nsi.
1345 3154 1424 3216 23
1443 3202 1461 3231 ,
1502 3154 1613 3230 82,
1653 3157 1986 3217 necessario
2015 3158 2445 3236 corrigendum

474 3260 543 3321 in
580 3273 705 3321 eum
740 3260 1002 3319 demus:
1040 3258 1186 3318 item
1224 3258 1290 3318 in
1323 3258 1472 3338 Epp.
1504 3257 1583 3318 ad
1614 3259 1682 3332 Q.
1717 3257 1854 3320 frat.
1890 3259 2051 3336 I,1,
2092 3259 2198 3337 10,
2232 3262 2345 3339 29,
2379 3270 2443 3323 et

475 3363 604 3425 rin.
636 3364 701 3440 1,
735 3363 839 3438 19,
868 3361 984 3437 64,
1013 3370 1076 3423 et
1102 3362 1271 3423 Tusc.
1304 3361 1366 3437 Ι,
1404 3361 1509 3438 13,
1535 3362 1650 3439 29,
1685 3370 1747 3423 et
1772 3362 1901 3422 Fin.
1928 3362 2051 3438 111,
2089 3362 2198 3440 22,
2232 3365 2344 3441 76,
2379 3373 2443 3426 et

474 3466 713 3528 Caecin.
764 3465 845 3525 34
861 3512 883 3542 ,
927 3464 1062 3526 100.
1112 3464 1431 3545 (probante
1468 3464 1658 3525 Ravio
1691 3463 1827 3527 Var.
1862 3466 2021 3527 Lect.
2059 3467 2107 3527 I.
2143 3488 2202 3547 p.
2236 3467 2342 3551 50)
2378 3477 2442 3530 et

479 3568 558 3629 nd
609 3569 739 3628 Div.
791 3569 877 3643 X,
934 3567 1045 3644 10,
1105 3570 1161 3628 1.
1242 3567 1486 3643 Contra,
1527 3567 1687 3627 Orat.
1728 3568 1820 3643 ΙΙ,
1860 3568 1973 3645 77,
2012 3570 2167 3647 315,
2210 3580 2278 3630 ut
2311 3572 2445 3651 ipse

478 3670 647 3731 locus
691 3670 920 3731 indicat
937 3717 956 3746 ,
996 3672 1245 3751 denique
1290 3670 1355 3730 in
1400 3671 1792 3732 conclusione
1823 3691 1933 3750 pro
1955 3684 2248 3753 postremo
2280 3674 2441 3735 dici-

480 3780 619 3849 tur,
659 3773 813 3832 sicut
848 3773 1005 3833 Sext.
1045 3774 1162 3848 47,
1207 3773 1343 3835 100.
1425 3774 1586 3835 Orat.
1626 3774 1716 3850 11,
1758 3774 1875 3850 30,
1922 3775 2065 3851 131,
2109 3786 2446 3859 utrumque

478 3876 844 3937 vocabulum
893 3894 1003 3934 suo
1050 3875 1182 3935 loco
1222 3877 1486 3955 ponitur.
1569 3876 1765 3955 Igitur
1798 3896 1992 3957 quum
2030 3879 2444 3941 innumerabi-

394 3996 443 4053 ᾗ
476 3977 642 4039 libus
677 3976 812 4036 aliis
844 3974 990 4035 locis
1013 3994 1120 4035 sua
1151 3976 1395 4056 utrique
1422 3978 1718 4039 vocabulo
1743 3988 1806 4039 et
1839 3981 2082 4058 propria
2115 3981 2204 4039 vis
2234 4000 2438 4042 serve-

428 4086 447 4109 ²
472 4088 616 4165 tur,
672 4079 868 4140 multo
926 4077 1278 4140 credibilius
1327 4087 1415 4141 est
1465 4082 1781 4159 perpaucis
1841 4081 1988 4142 locis
2004 4128 2022 4157 ,
2077 4081 2156 4142 de
2213 4085 2444 4162 quibus

434 4158 649 4249 ‘ii-‘un
678 4184 939 4246 varietas
966 4189 1205 4245 enotata
1236 4191 1359 4259 est,
1400 4202 1526 4243 esse
1557 4182 2025 4261 corrigendum,
2064 4205 2245 4265 quam
2279 4206 2446 4268 quae
