3131 5032
1392 500 1486 575 89

452 738 878 791 enumerare
921 714 1126 806 nolo,
1176 728 1465 811 peccata
1524 713 1918 814 collegeris,
2014 720 2167 814 Ego
2211 719 2409 787 enim

425 836 688 911 -fateor
718 837 795 908 in
825 838 959 908 ista
985 837 1140 934 ipsa
1169 847 1527 933 potestate
1561 836 1798 908 inesse
1826 832 2173 934 quiddam
2209 833 2408 908 mali:

451 955 584 1030 sed
629 957 913 1031 bonum
966 954 1171 1053 quod
1220 968 1331 1027 est
1379 957 1794 1052 quaesitum
1835 958 1911 1028 in
1958 979 2043 1029 ea
2077 958 2232 1028 sine
2267 957 2413 1027 isto

452 1075 647 1150 malo
681 1100 832 1148 non
868 1074 1322 1149 haberemus·
1363 1128 1368 1133 -
1421 1077 2013 1175 Nimia-potestas
2042 1088 2157 1148 est
2180 1072 2413 1174 tribu,-

450 1219 722 1268 norum
745 1193 999 1295 plebis.
1096 1197 1279 1286 Quis
1305 1195 1560 1294 negat?
1588 1194 1730 1268 Sed
1758 1198 1865 1266 vis
1888 1193 2147 1294 populi
2173 1191 2408 1265 multo

450 1316 732 1389 saevior
753 1323 776 1361 ¹
836 1312 1215 1412 multoque
1251 1312 1751 1387 vehementior
1778 1321 1855 1387 .²:
1903 1337 2092 1413 quae
2143 1313 2409 1386 ducem

451 1459 688 1533 quum
723 1448 750 1489 ⁸
821 1432 1043 1507 habet
1119 1430 1486 1506 interdum
1555 1433 1788 1507 lenior
1850 1448 1994 1525 est,
2057 1457 2282 1532 quam
2343 1433 2410 1503 si

429 1552 738 1626 ⁴nullum
772 1551 1096 1626 haberet.
1181 1558 1345 1626 Dux
1380 1556 1575 1626 enim
1606 1578 1742 1627 suo
1773 1553 2205 1655 se-periculo
2236 1576 2411 1653 pro·

450 1670 658 1771 gredi
703 1674 998 1770 cogitat:
1046 1669 1306 1770 populi
1349 1674 1663 1771 impetus
1708 1670 2010 1772 periculi
2053 1675 2411 1745 rationem

449 1795 567 1863 sui
616 1789 1073 1864 nonhabet.
1191 1794 1284 1863 At
1336 1787 1729 1888 aliquando
1787 1789 2219 1863 incenditur.
2316 1795 2407 1864 Et

449 1909 750 2008 quidem
823 1934 1040 2011 saepe
1099 1909 1410 1984 sedatur.
1516 1909 1736 2003 Quod
1813 1914 2010 1983 enim
2079 1924 2191 1983 est
2259 1922 2411 1984 tam

449 2027 912 2131 desperatum
969 2028 1388 2128 collegium,
1449 2033 1526 2102 in
1580 2054 1733 2129 quo
1788 2055 2006 2103 nemo
2056 2054 2105 2102 e
2157 2027 2413 2103 decem

449 2171 626 2221 sana
659 2161 902 2220 mente
940 2146 1080 2218 sit?
1153 2149 1351 2238 Quin
1389 2150 1629 2247 ipsum
1665 2151 1768 2222 Ti.
1805 2147 2217 2223 Gracchum
2251 2174 2405 2223 non

450 2265 690 2340 solum
738 2279 995 2340 nectus
1027 2278 1056 2320 ⁴
1071 2317 1094 2357 ,
1144 2264 1274 2339 sed
1325 2269 1542 2339 etiam
1600 2265 1927 2341 sublatus
1976 2272 2412 2342 intercessor

449 2384 689 2461 fuerat
721 2396 775 2459 ⁸.
873 2384 1070 2477 Quid
1127 2389 1323 2459 enim
1367 2385 1574 2458 illum
1622 2384 1818 2460 aliud
1868 2386 2178 2487 perculit
2196 2440 2217 2478 ,
2268 2391 2409 2460 nisi

451 2505 659 2605 quod
711 2519 1143 2607 potestatem
1202 2501 1699 2578 intercedendi
1750 2504 2064 2603 collegae
2111 2503 2415 2606 abroga-

450 2625 604 2698 vit?
680 2626 821 2700 Sed
876 2639 961 2698 tu
1020 2627 1442 2726 sapientiam
1517 2628 1775 2699 maiori
1848 2625 2083 2698 nihilo
2115 2636 2145 2677 ⁰
2220 2625 2411 2701 vide.

452 2749 806 2819 Concessa
869 2743 1066 2845 plebi
1111 2769 1155 2817 a
1201 2742 1530 2843 patribus
1591 2747 1725 2819 ista
1789 2759 2148 2844 potestate
2209 2770 2413 2823 arma

458 2864 911 2955 oeciderunt,
970 2865 1311 2937 restincta
1352 2863 1613 2937 seditio
1663 2877 1772 2937 est
1787 2916 1809 2955 ‚
1872 2868 2254 2938 inventum
2305 2881 2417 2941 est

457 2996 1109 3084 temperamentum
1153 3006 1306 3080 quo
1346 2986 1718 3056 tenuiores
1762 3007 1928 3056 cum
1960 2985 2416 3085 principibus

451 3107 753 3202 aequari
798 3127 877 3177 se
926 3105 1251 3202 putarint
1283 3109 1346 3191 ⁷3
1393 3105 1471 3174 in
1519 3125 1673 3200 quo
1717 3127 1868 3176 uno
1908 3101 2050 3176 fuit
2107 3108 2413 3179 civitatis

451 3222 665 3298 salus.
762 3227 856 3296 At
892 3220 1041 3294 duo
1077 3219 1389 3294 Gracchi
1422 3218 1745 3296 fuerunt.
1840 3227 1931 3296 Et
1962 3237 2254 3324 praeter
2282 3249 2412 3299 eos

453 3345 787 3442 quamvis
812 3365 1193 3415 enumeres
1218 3340 1482 3414 multos
1495 3393 1517 3432 ‚
1550 3342 1754 3415 licet:
1790 3367 2026 3441 quum
2052 3344 2222 3419 deni
2257 3370 2413 3420 cre·-

451 3477 676 3537 antur
696 3474 725 3515 ⁸
774 3461 1012 3535 nullos
1033 3480 1063 3521 ⁹
1119 3463 1197 3534 in
1251 3463 1456 3533 omni
1502 3466 1850 3537 memoria
1891 3469 2205 3564 reperies
2250 3491 2414 3566 per-

455 3585 771 3656 niciosos
798 3579 1165 3671 tribunos,
1197 3578 1388 3684 leves
1417 3581 1635 3652 etiam
1667 3604 1820 3652 non
1848 3578 2086 3654 honos
2112 3580 2414 3660 fortasse

453 3702 723 3802 plures.
846 3698 1122 3774 Invidia
1184 3699 1483 3797 quidem
1542 3724 1869 3773 summus
1932 3699 2120 3775 ordo
2181 3720 2412 3792 caret:

455 3821 705 3922 plebes
739 3819 837 3895 de
872 3842 1009 3926 suo
1047 3822 1206 3893 iure
1238 3818 1674 3918 periculosas
1711 3823 2214 3897 contentiones
2249 3825 2413 3898 nul-

516 4126 536 4163 ¹
573 4122 952 4178 vehementior.
1020 4127 1047 4165 ²
1078 4126 1296 4182 novior.
1358 4130 1383 4168 ⁸
1417 4129 1580 4200 quod.
1644 4132 1668 4171 ἱ
1703 4131 1989 4204 neglectus.
2052 4137 2080 4173 ⁸
2110 4148 2417 4193 καιτοι-ιι.

439 4209 996 4268 ⁸miomminillm
1065 4215 1379 4282 'putarem-
1449 4217 1767 4271 ⁸oremur0
1836 4217 2198 4272 tumulto·-
