3131 5032
788 432 916 496 560
1453 423 1591 490 Lm.
1641 422 1735 507 11,
1786 425 1906 506 22,
1952 423 2061 489 57.

780 636 965 717 quod,
991 642 1062 694 ut
1088 633 1350 717 legatur,
1367 631 1725 711 —eepulcro
1747 630 1906 689 haud
1922 628 2135 709 procul
2141 650 2169 701 ;
2193 636 2325 686 tum
2348 628 2417 685 in
2445 645 2513 686 eo
2535 634 2740 687 ortum

778 758 904 800 esse
937 758 1012 797 ex
1058 737 1387 810 adiectivo,
1444 755 1567 814 quo
1619 734 1945 813 significata
1977 741 2127 792 esset
2169 730 2421 790 materia
2456 731 2740 809 sepulcri.

779 843 926 903 Mihi
961 848 1124 902 certe
1164 860 1286 900 non
1322 840 1648 919 persuasit:
1690 836 2026 897 diiudicent
2067 836 2491 913 intelligentes.

864 947 928 1007 C.
967 947 1153 1006 Marii
1192 947 1341 1003 sitas
1375 944 1660 1022 reliquias
1693 940 1797 1021 -—)
1885 940 2065 999 Nulla
2105 938 2538 999 coniunctione
2586 938 2738 997 haee

780 1049 1187 1128 superioribus
1234 1047 1467 1106 adiecta
1502 1046 1672 1118 iure,
1711 1044 1922 1121 credo,
1965 1043 2318 1122 displicent:
2360 1062 2503 1102 nam
2539 1060 2738 1101 neces·

779 1155 1003 1213 sarium
1054 1150 1369 1211 vinculum
1424 1148 1861 1208 sententiarum
1915 1148 2030 1207 hoc
2080 1154 2202 1223 est3
2263 1165 2412 1224 gens
2463 1143 2741 1205 Cornelia

780 1275 974 1335 usque
1031 1254 1109 1314 ad
1159 1261 1420 1313 nostram
1475 1252 1827 1311 memoriam
1864 1270 1935 1310 ea
1979 1249 2292 1329 sepultura
2332 1269 2437 1309 usa
2469 1256 2587 1322 est,
2625 1246 2738 1307 sed

777 1360 1009 1440 primus
1057 1357 1221 1417 Sulla
1271 1356 1527 1415 eremari
1585 1354 1812 1414 voluit:
1868 1353 2028 1413 nihil
2068 1354 2190 1413 huo
2232 1353 2534 1431 pertinent
2566 1350 2737 1410 Harii

781 1481 913 1537 res,
971 1461 1087 1518 nisi
1141 1458 1305 1538 quod
1358 1457 1505 1517 inde
1553 1466 1767 1518 natum
1822 1466 1910 1516 est
1959 1456 2117 1516 illud
2161 1456 2364 1515 Sullae
2398 1455 2736 1515 consilium.

783 1561 957 1637 Quod
1006 1559 1371 1620 molliendae
1424 1558 1680 1618 orationi
1730 1558 2020 1634 sufficiat,
2076 1558 2264 1618 latere
2309 1566 2460 1636 puto
2495 1557 2559 1615 in
2594 1575 2742 1635 quo·

780 1664 1063 1726 rumdam
1110 1663 1409 1723 librorum
1464 1668 1747 1740 corrupta
1798 1662 2057 1722 lectione
2088 1662 2387 1721 humatam
2404 1706 2422 1735 ‚
2463 1667 2625 1735 orta,
2670 1665 2744 1717 ut

781 1767 1076 1842 conficio,
1137 1785 1212 1825 ex
1265 1785 1432 1825 usam
1486 1776 1643 1825 lum:
1737 1764 1935 1843 Igitur
1980 1774 2111 1843 post
2155 1767 2466 1823 memorias
2514 1773 2744 1822 nostrae

781 1869 1152 1929 mentionem
1171 1913 1190 1943 ‚
1228 1867 1381 1927 haec
1413 1866 1631 1926 subiici
1664 1875 2021 1946 potuerunt:
2063 1878 2187 1927 tum
2217 1867 2282 1927 C.
2310 1867 2501 1926 Marii
2521 1873 2636 1925 eet.
2662 1896 2746 1909 —-

786 1973 958 2033 Sulla
975 1972 1183 2032 Victor
1207 1969 1465 2030 describi
1491 1971 1731 2044 curavi,
1774 1972 2000 2049 qnippe
2026 1989 2361 2048 cognomen
2386 1969 2569 2029 fuisse
2590 1967 2747 2028 mihi

785 2075 1062 2150 videtur,
1120 2074 1274 2132 sicut
1318 2074 1456 2150 Leg.
1507 2072 1707 2157 Manil.
1766 2074 1875 2149 11,
1934 2073 2041 2133 30:
2102 2074 2204 2132 ille
2255 2075 2379 2152 ipse
2430 2073 2638 2132 Victor
2672 2071 2747 2132 L.

788 2177 980 2237 Sulla.
1060 2175 1264 2253 anue
1315 2176 1442 2253 ipsa
1493 2175 1572 2234 de
1622 2195 1801 2235 causa
1847 2195 2025 2251 mox,
2079 2176 2309 2235 etiamsi
2355 2175 2559 2255 plures
2605 2174 2751 2233 libri

785 2276 1278 2339 commendarent
1312 2275 1411 2352 id,
1454 2277 1621 2356 quod
1652 2276 1950 2337 Manutius
1991 2278 2056 2336 in
2098 2298 2223 2338 uno
2254 2298 2317 2337 se
2350 2278 2565 2337 vidisse
2598 2276 2753 2337 affir-

784 2391 948 2458 mat,
1001 2402 1178 2460 quam
1206 2382 1348 2460 suit
1381 2381 1581 2461 felix,
1621 2400 1747 2440 non
1778 2381 2156 2459 probandum
2191 2390 2375 2456 esset,
2416 2382 2467 2440 si
2499 2379 2756 2462 quidem

786 2486 871 2545 ita
925 2484 1185 2564 duplicis
1236 2484 1609 2563 cognominis
1659 2485 1813 2544 ratio
1865 2484 2069 2544 habita
2117 2483 2449 2546 videretur.
2536 2484 2756 2564 ltaque

785 2589 945 2648 bene
979 2585 1254 2645 defendit
1293 2585 1594 2646 vehemens
1631 2585 1916 2646 Davisius.

871 2690 914 2771 ς
955 2690 1053 2749 57.
1125 2691 1360 2769 primus
1413 2719 1494 2733 —-·
1549 2691 1685 2770 igni
1736 2691 1925 2750 voluit
1976 2690 2249 2772 cremari)
2335 2691 2477 2750 Eius
2519 2691 2760 2770 generis

790 2792 1072 2856 nonnihil
1134 2794 1200 2851 in
1262 2791 1463 2851 Sullae
1526 2793 1972 2853 commentariis
2036 2793 2281 2854 videtur
2340 2795 2757 2872 consignatum

791 2897 1003 2958 fuisse:
1074 2894 1233 2955 conf.
1299 2894 1601 2956 Plutarch.
1654 2896 1801 2957 Sull.
1852 2916 1913 2975 p.
1966 2896 2105 2958 475.
2205 2896 2377 2972 Quod
2438 2897 2672 2957 Plinius
2720 2917 2755 2958 a

794 3001 982 3078 Zoega
1032 2997 1220 3081 (apud
1275 2997 1639 3059 Creuzerum
1681 2999 1760 3058 ad
1804 2999 1986 3059 verba
2016 3011 2362 3082 gentemque
2397 3000 2757 3082 Corneliam)

791 3105 1013 3164 erroris
1062 3111 1340 3178 notatur,
1398 3123 1509 3181 par
1558 3103 1690 3162 eius
1738 3102 2105 3181 negligentia
2146 3105 2648 3165 animadvertitur
2681 3105 2755 3166 ab

791 3208 1038 3267 Ernesto
1072 3205 1150 3265 ad
1177 3205 1357 3264 Tacit.
1375 3204 1532 3265 Ann.
1554 3205 1682 3265 XVI
1698 3251 1715 3280 ,
1747 3206 1820 3281 6,
1857 3206 2032 3266 cuius
2056 3206 2207 3267 haec
2233 3209 2416 3267 verba
2446 3208 2756 3288 pertinent

792 3308 871 3369 ad
902 3308 1306 3368 Romanorum
1341 3326 1606 3366 morem:
1650 3305 2007 3387 (Poppaeae)
2051 3328 2257 3387 corpus
2295 3329 2415 3368 non
2452 3311 2592 3391 igni
2621 3311 2756 3370 abo-

797 3413 968 3471 litum
985 3458 1004 3487 ,
1045 3422 1111 3470 ut
1157 3412 1460 3470 Romam
1509 3430 1662 3487 ’πως
1706 3411 1839 3486 ssd,
1880 3432 2082 3492 regum
2121 3425 2486 3472 externorum
2520 3434 2757 3474 consue·

795 3517 1000 3575 tudine
1019 3561 1037 3590 ‚
1079 3514 1379 3594 differtum
1430 3514 1704 3574 odoribus
1751 3515 2049 3590 conditur,
2091 3518 2426 3596 tumuloque
2459 3517 2756 3578 Iuliorum

794 3619 1094 3697 insertur.-
1131 3616 1423 3675 retulerat
1469 3625 1671 3676 autem
1717 3626 1976 3677 aromata
2028 3617 2259 3680 Plinius
2290 3620 2366 3680 ad
2400 3621 2755 3682 combustio-

797 3738 939 3779 nem
993 3716 1335 3792 cadaveris,
1394 3717 1458 3776 id
1512 3717 1681 3796 quod
1733 3720 1937 3779 verius
1989 3720 2068 3781 de
2119 3722 2319 3782 Sullae
2367 3722 2584 3783 sunere
2634 3723 2756 3784 dici

797 3828 1031 3903 poterat
1048 3866 1067 3898 ,
1126 3819 1292 3898 quod
1340 3819 1653 3900 descripsit
1683 3821 2057 3885 Plutarchus.
2151 3824 2357 3885 Florus
2396 3845 2591 3905 quum
2627 3825 2716 3885 111
2733 3870 2753 3900 ‚

800 3926 916 4002 23,
981 3925 1050 4000 1,
1108 3923 1396 3984 scriberet
1430 3926 1557 4005 sax
1611 3926 1778 3986 illius
1826 3940 2015 3987 motae
2067 3928 2144 3988 ab
2184 3930 2313 4009 ipso
2365 3928 2569 3988 Sullas
2616 3948 2755 4010 rogo

800 4033 1021 4093 exarsit
1040 4075 1059 4106 ,
1097 4049 1221 4089 non
1253 4037 1375 4089 tam
1411 4029 1729 4091 veritatem
1760 4031 1987 4108 colere,
2030 4051 2215 4112 quam
2247 4032 2550 4094 rhetorem
2577 4049 2755 4110 agere

801 4131 1227 4193 existimandus
1265 4139 1369 4192 est.
