3131 5032
1643 449 1777 523 102

739 666 915 762 poni
952 660 1405 736 censoribus:
1456 664 1809 759 integram
1858 671 2103 732 tamen
2134 656 2364 756 legem
2397 680 2687 732 accusa-

739 786 884 854 tori
914 781 1326 879 iudicioque
1363 782 1651 853 servari.

835 902 968 975 Sed
1010 907 1175 975 satis
1211 907 1351 974 iam
1389 899 1834 998 disputatum
1868 911 1977 970 est
2010 895 2102 969 de
2134 896 2689 993 magistratibus:

742 1022 879 1091 nisi
918 1018 1106 1092 forte
1149 1019 1323 1117 quid
1362 1016 1799 1090 desideratis.
1898 1021 2041 1087 Att.
2087 1015 2284 1107 Quid
2321 1019 2383 1086 si
2418 1039 2553 1086 nos
2584 1028 2690 1087 ta·

744 1163 1026 1229 cemus,
1076 1138 1279 1211 locus
1312 1141 1468 1237 ipse
1510 1150 1581 1208 te
1607 1153 1629 1192 ¹
1668 1160 1815 1207 non
1855 1134 2195 1207 admonet
2232 1133 2407 1232 quid
2441 1133 2573 1205 tibi
2600 1109 2693 1205 s'it

744 1259 1007 1332 deinde
1060 1257 1490 1331 dicendum?
1560 1260 1660 1328 Μ.
1723 1255 2041 1328 Mihine?
2099 1261 2207 1328 De
2257 1253 2534 1327 iudiciis
2581 1280 2695 1327 ar-

744 1376 1015 1469 bitror,
1076 1380 1464 1475 Pomponi:
1529 1373 1603 1446 id
1668 1388 1777 1447 est
1835 1378 2028 1446 enim
2092 1378 2418 1447 iunctum
2480 1376 2697 1472 magi-

592 1508 680 1563 48·
746 1498 1109 1570 stratibus.
1209 1501 1352 1568 Att.
1407 1493 1645 1587 Quid?
1702 1492 1796 1566 de
1818 1516 1827 1524 ·
1851 1498 2006 1565 iure
2061 1493 2315 1593 populi
2360 1496 2696 1583 Romani,

747 1615 1362 1716 quemadmodum
1429 1617 1850 1704 instituisti,
1895 1613 2287 1687 dicendum
2338 1612 2519 1684 nihil
2562 1638 2698 1712 pu-

748 1737 896 1810 tas?
944 1739 1040 1807 M.
1073 1732 1264 1824 Quid
1303 1731 1595 1804 tandem
1621 1730 1949 1804 hocloco
1973 1746 2082 1804 est
2104 1731 2303 1830 quod
2334 1731 2699 1830 requiras?

745 1860 889 1928 Att.
938 1852 1228 1952 Egone?
1277 1848 1480 1948 quod
1530 1852 1847 1945 ignorari
1882 1848 1976 1923 ab
2017 1853 2134 1939 iis,
2184 1853 2313 1946 qui
2348 1853 2425 1921 in
2463 1875 2541 1922 re
2571 1875 2702 1950 pu-

748 1974 932 2075 plica
951 1984 1354 2060 versantur,
1376 1971 1875 2067 turpissimum
1896 1984 2099 2067 puto.
2137 1973 2458 2062 Nam„ut
2480 1970 2702 2043 modo

746 2120 789 2168 a
820 2109 893 2170 te
930 2090 1205 2165 dictum
1239 2103 1378 2179 est,
1409 2088 1602 2187 leges
1631 2112 1674 2160 a
1694 2085 2001 2160 librariis
2025 2088 2221 2188 lego,
2258 2093 2364 2162 sic
2390 2089 2703 2163 animad-

744 2227 948 2286 verto
985 2234 1319 2309 quosque
1350 2212 1425 2280 in
1468 2206 1998 2305 magistratibus
2040 2212 2490 2305 ignoratione
2524 2213 2704 2282 iuris

751 2337 865 2406 sui
905 2346 1187 2406 tantum
1229 2354 1511 2430 sapere,
1561 2341 1920 2425 quantum
1968 2333 2413 2428 apparitores
2461 2330 2702 2403 velint.

751 2451 1278 2545 Quamobrem,
1329 2453 1392 2522 si
1428 2447 1521 2523 de
1568 2471 1938 2522 sacrorum
1990 2448 2421 2524 alienatione
2467 2451 2710 2526 dicen·

754 2574 929 2646 dum
985 2575 1288 2672 putasti,
1348 2595 1577 2667 quum
1614 2575 1642 2616 ²
1691 2568 1784 2641 de
1830 2568 2173 2667 religione
2217 2570 2407 2670 leges
2447 2596 2713 2673 propo-

757 2717 1041 2781 sueraS,
1080 2690 1490 2764 faciendum
1525 2689 1661 2761 tibi
1692 2701 1800 2761 est
1834 2702 1948 2779 ut,
1989 2691 2519 2787 magistratibus
2555 2692 2711 2791 lege

604 2837 690 2891 49.
759 2816 1200 2902 constitutis,
1252 2810 1344 2884 de
1391 2821 1749 2909 potestate
1779 2821 1937 2881 tum
1968 2812 2126 2882 iure
2152 2826 2178 2865 ⁸
2219 2809 2562 2911 disputes.
2613 2817 2711 2886 M.

634 2972 637 2976 v
757 2937 1038 3007 Faciam
1067 2932 1414 3021 breviter,
1446 2933 1505 3001 si
1532 2931 1882 3026 consequi
1912 2942 2242 3027 potuero.
2341 2937 2524 3005 Nam
2554 2933 2717 3032 plu·

761 3053 966 3125 ribus
1009 3047 1248 3123 verbis
1290 3051 1573 3147 scripsit
1629 3045 1719 3119 ad
1768 3059 2043 3145 patrem
2084 3061 2293 3121 tuum
2333 3055 2430 3123 M.
2468 3055 2716 3124 Iunius

764 3171 1056 3261 sodalis,
1085 3173 1347 3268 perite,
1376 3191 1541 3240 meo
1569 3165 1864 3264 quidem
1893 3167 2189 3259 iudicio,
2218 3184 2291 3242 et
2313 3169 2716 3267 diligenter.

764 3296 916 3364 Nos
930 3302 958 3342 ⁴
994 3303 1068 3361 at
1090 3287 1183 3359 de
1205 3291 1365 3358 iure
1388 3300 1687 3358 naturae
1708 3290 2054 3384 cogitaris
2078 3312 2209 3387 per
2232 3314 2365 3362 nos
2387 3304 2458 3362 et
2480 3316 2667 3388 quae
2685 3303 2713 3343 ⁰

763 3410 1005 3483 dicere
1036 3405 1415 3496 debemus,
1447 3405 1540 3478 de
1576 3409 1734 3478 iure
1769 3406 2021 3506 populi
2053 3413 2359 3482 Romani
2388 3435 2578 3508 quae
2606 3436 2718 3484 re-

766 3531 931 3605 licta
964 3543 1135 3602 sunt
1166 3541 1240 3601 et
1271 3525 1550 3599 tradita.
1649 3529 1793 3598 Att.
1820 3531 1935 3599 Sic
1961 3525 2289 3626 profecto
2317 3555 2605 3623 censeo,
2642 3546 2719 3606 et

769 3650 843 3723 id
875 3654 1147 3750 ipsum,
1198 3645 1400 3744 quod
1433 3645 1646 3737 dicis,
1682 3650 2040 3746 exspe‘cto.

778 3818 909 3831 ——

837 3902 855 3937 ¹
891 3914 995 3949 om.
1030 3909 1102 3950 te.
1157 3898 1181 3934 ²
1211 3895 1480 3965 quonium.
1527 3896 1555 3964 ‚³
1587 3902 1892 3963 potestatum
1920 3893 2049 3945 iure.
2102 3894 2125 3933 ί
2156 3910 2391 3948 ammos.
2445 3899 2469 3936 ὅ
2494 3899 2734 3969 cogitare.

766 3986 790 4020 ⁶
828 3991 998 4049 atquc.
