3131 5032
468 707 539 776 in
576 703 1021 778 Demosthene
1054 702 1331 797 aliisque
1356 705 1670 775 cernitur.
1737 705 1931 794 Quod
1967 710 2165 801 igitur
2198 710 2417 782 Tullio

464 834 782 905 obiicitur
799 883 821 921 ,
871 830 943 901 id
971 829 1240 901 defendi
1285 853 1419 901 non
1452 843 1674 923 potest
1690 883 1710 921 ,
1759 833 1884 904 nisi
1922 835 2313 930 explicetur.

566 961 845 1053 Semper
886 956 1300 1051 eloquentiae
1344 955 1553 1028 forma
1574 1010 1594 1047 ‚
1644 959 1714 1028 in
1747 960 1998 1053 quibus
2034 964 2411 1038 civitatibus

468 1084 582 1155 illa
617 1085 830 1156 virtus
866 1082 1336 1154 dominabatur
1361 1134 1383 1172 ,
1430 1084 1783 1176 imaginem
1820 1090 2141 1181 expressit
2169 1091 2414 1183 ingenii

469 1224 542 1281 et
591 1209 980 1282 eruditionis
1022 1208 1272 1303 quibus
1316 1209 1460 1303 ipsa
1501 1208 1847 1283 hominum
1880 1214 2154 1286 societas
2184 1239 2412 1289 cense-

472 1338 671 1409 batur
695 1388 717 1425 ‚
765 1349 915 1408 tum
959 1337 1031 1404 in
1057 1335 1287 1428 primis
1328 1356 1558 1407 eorum
1582 1387 1604 1426 ‚
1652 1361 1940 1432 qnorum
1975 1363 2174 1413 causa
2205 1344 2410 1438 expli·-

466 1464 769 1535 cabntur.
872 1460 1373 1532 Atheniensium
1409 1484 1585 1555 quae
1628 1463 1919 1536 conditio
1937 1516 1959 1555 ,
2004 1488 2179 1561 quae
2210 1468 2410 1541 disci·-

472 1590 659 1683 plina
710 1600 780 1660 et
828 1588 1125 1682 privatae
1175 1588 1272 1657 rei
1329 1599 1401 1658 et
1468 1587 1779 1682 publicae
1823 1604 1998 1664 esset
2015 1643 2037 1681 ,
2084 1595 2410 1668 novimus.

472 1715 746 1786 Generis
806 1712 1075 1785 nullum
1135 1712 1398 1783 valebat
1442 1713 1802 1786 discrimen
1824 1767 1846 1806 ‚
1893 1740 2101 1817 opum
2138 1742 2217 1789 ac
2245 1720 2417 1790 divi-

474 1844 713 1915 tiarum
786 1841 1136 1934 exiguum:
1204 1840 1424 1911 omnia
1495 1842 1567 1910 in
1628 1841 2076 1915 multitudinis
2140 1843 2413 1916 arbitrio

466 1969 719 2064 posita,
784 1990 1046 2039 simum
1104 1967 1241 2036 ima
1281 1965 1654 2055 miscentis»,
1702 1988 1829 2039 nec
1867 1969 2229 2064 quicquam
2268 1970 2411 2042 dis·

468 2096 842 2184 coenent's,
903 2094 1029 2165 nisi
1087 2090 1271 2186 quod
1330 2104 1447 2163 aut
1501 2114 1662 2164 suae
1721 2091 2017 2184 libidini,
2063 2109 2182 2166 aut
2205 2160 2212 2171 ,
2239 2119 2411 2168 non-

464 2242 833 2315 numquam
868 2220 963 2290 rei
999 2217 1313 2312 publicae
1359 2218 1739 2312 expediret:
1786 2244 2135 2316 quumque
2168 2227 2411 2309 summi

462 2347 533 2416 in
594 2346 859 2417 civitate
933 2343 1213 2416 honoroe
1281 2342 1494 2414 infimi
1562 2347 1889 2440 cuiusque
1945 2348 2289 2420 ambitioni
2340 2365 2413 2422 et

460 2472 774 2545 andaciae
828 2482 1138 2566 paterent
1157 2522 1179 2560 ,
1228 2494 1403 2544 unus
1439 2483 1585 2544 erat
1620 2472 1918 2544 omnium
1958 2487 2028 2544 et
2063 2475 2238 2547 inter
2271 2500 2410 2549 om·

461 2624 583 2672 noe
627 2622 880 2688 sermo,
926 2621 1063 2669 una
1094 2598 1302 2669 oratio
1317 2648 1339 2687 ‚
1387 2619 1698 2693 quaeque
1729 2598 2111 2674 dicerentur
2147 2626 2281 2675 non
2317 2605 2407 2696 ad

464 2749 832 2819 paucorum
889 2722 1375 2818 quorumdam,
1441 2723 1561 2795 sed
1606 2723 1696 2793 ad
1752 2725 2201 2799 multitudinis
2254 2750 2412 2800 eru-

458 2852 781 2922 ditionem
832 2871 1235 2943 sensumque
1292 2849 1987 2923 accommodabuntur.
2108 2853 2282 2923 Hinc
2338 2855 2410 2923 in

463 3000 731 3048 summo
753 2978 951 3048 etiam
975 2975 1285 3048 orationis
1312 2973 1593 3044 artificio
1621 2976 1893 3066 agrestis
1919 2976 2408 3069 propemodum

459 3102 819 3198 eloquendi
845 3102 1113 3173 libertas
1150 3114 1221 3173 et
1253 3100 1438 3173 fortis
1466 3113 1537 3170 et
1570 3123 1769 3194 saepe
1797 3101 2103 3173 immanis
2121 3153 2145 3192 ,
2192 3127 2410 3198 quum

462 3229 693 3303 nullus
731 3229 918 3300 locus
954 3239 1130 3300 esset
1168 3226 1605 3300 verecundiae
1634 3241 1753 3298 aut
1787 3228 2041 3318 officio,
2085 3230 2207 3301 sed
2248 3232 2409 3304 iuris

458 3370 583 3428 ant
601 3354 933 3428 commodi
954 3354 1092 3424 sive
1111 3375 1266 3424 vera
1275 3354 1415 3424 sive
1453 3350 1617 3423 falsa
1638 3353 2177 3448 interpretatione
2196 3357 2404 3428 disce·

458 3494 812 3578 ptarentur
828 3492 1095 3552 cuncta.
1144 3479 1377 3573 Neque
1390 3478 1516 3547 alia
1532 3491 1677 3550 erat
1695 3481 1903 3551 oratio
1921 3482 1993 3551 in
2014 3480 2270 3553 iudiciis
2287 3497 2410 3554 sut

458 3612 529 3678 in
582 3608 938 3695 concione,
984 3605 1111 3676 alia
1163 3606 1234 3674 in
1284 3617 1557 3676 senatu:
1608 3604 1863 3698 ubique
1908 3606 2143 3678 eadem
2185 3608 2407 3679 domi-

456 3734 744 3806 nabatur
779 3734 1091 3805 severitas
1133 3732 1276 3802 sine
1321 3733 1679 3823 gravitate,
1725 3731 2100 3827 eademque
2131 3733 2406 3808 libertas

458 3860 665 3933 nullis
728 3859 843 3931 illa
890 3858 1304 3930 audientium
1356 3856 1696 3949 dignitatis
1759 3872 2126 3953 temperata
2170 3860 2404 3933 obser-

454 3987 697 4059 vantia.
798 3988 1086 4057 Possunt
1138 3982 1303 4055 haec
1355 3983 1834 4072 demonstrari3
1892 4009 2032 4080 quo
2084 3985 2232 4059 loco
2267 4012 2402 4061 non
2543 4079 2550 4086 ς

448 4113 731 4185 difficile
776 4124 955 4186 esset
994 4109 1326 4205 explicere
1363 4133 1530 4202 quas
1574 4109 1890 4205 loquendi
1931 4109 2172 4185 formas
2213 4115 2404 4205 igno-
