3131 5032
1143 413 1284 481 Lm.
1332 413 1470 498 111,
1518 370 1607 499 6,
1653 419 1752 483 14.
2296 419 2427 485 597

461 620 681 681 melius
726 618 981 696 absunt,
1020 639 1214 701 quum
1259 621 1704 681 excusationem
1749 618 2076 701 quamdam
2110 618 2426 681 continere

463 723 783 783 videantur
800 750 844 797 ,κ
867 742 1025 801 quae
1073 722 1328 781 minime
1365 722 1549 782 huius
1581 722 1703 783 loci
1732 731 1837 785 est.
1920 722 2117 801 Igitur
2151 723 2248 782 his
2278 723 2426 783 sub-

457 824 594 884 latis
624 825 850 885 exsistit
881 844 1023 885 vere
1043 825 1501 885 Ciceronianam
1534 823 1650 886 hoc
1668 871 1686 901 ,
1715 827 1789 884 in
1817 826 1946 886 illis
1974 825 2147 885 libris
2156 870 2175 901 ,
2217 845 2426 904 quum,

459 929 499 988 i.
544 948 602 988 e.
641 927 709 987 in
747 927 986 1006 quibus.

536 1029 579 1110 §
626 1028 720 1092 14.
817 1051 857 1089 a
916 1030 1115 1089 Dione
1181 1027 1411 1110 Stoico)
1517 1029 1603 1090 Ex
1659 1029 1987 1090 certissima
2048 1028 2423 1093 correctione

457 1131 716 1193 Turnebi
741 1130 1068 1210 legendum
1099 1132 1389 1214 Diogene.
1468 1132 1856 1212 Antipatrum
1880 1132 2123 1212 Tyrium
2147 1150 2421 1211 quoque,

458 1233 721 1292 Panaetii
749 1233 1086 1307 doctorem,
1111 1234 1359 1312 politica
1386 1243 1689 1311 tractasse,
1713 1235 1994 1297 conficias
2014 1254 2088 1297 ex
2114 1233 2421 1299 Plutarch.

457 1335 663 1398 Caton.
699 1336 837 1397 min.
874 1354 934 1413 p.
971 1334 1110 1396 761.
1152 1335 1314 1397 med.

1227 1541 1497 1609 CAPUT
1539 1542 1651 1608 Vl.

543 1758 758 1807 veteres
806 1746 977 1805 verbo
1028 1743 1223 1825 tenus)
1318 1748 1436 1822 Qui
1471 1759 1688 1807 veteres
1721 1746 2140 1825 intelligantur
2158 1791 2179 1823 ,
2220 1746 2427 1808 notavi

463 1868 641 1928 supra
672 1847 750 1908 ad
785 1847 815 1906 1
835 1892 855 1923 ,
902 1846 975 1906 13
996 1892 1015 1921 ,
1054 1846 1153 1908 36.
1192 1868 1252 1926 p.
1284 1847 1424 1910 379.
1508 1849 1793 1909 Universe
1826 1860 2082 1909 votorum
2116 1854 2424 1915 πολιτείας

460 1957 890 2011 commemorat
917 1948 995 2009 ad
1026 1949 1159 2011 Div.
1197 1950 1279 2009 lx
1296 1996 1316 2027 ,
1345 1949 1422 2026 2,
1450 1953 1490 2011 5
1511 1997 1530 2028 ,
1565 1952 1744 2011 cuius
1772 1952 1892 2013 loci
1923 1952 2075 2012 haec
2105 1951 2289 2012 verba
2325 1970 2426 2030 ap·

458 2054 738 2132 ponenda
772 2061 948 2113 sunt:
991 2054 1050 2111 si
1079 2071 1246 2110 nemo
1277 2063 1474 2111 autur
1515 2073 1687 2132 opem
1707 2099 1724 2128 ‚
1767 2066 1961 2113 tamen
2001 2066 2055 2113 et
2084 2054 2339 2114 scribere
2373 2063 2431 2112 ot

458 2154 643 2235 legere
697 2159 1024 2217 πολιτείας·
1078 2163 1135 2210 st
1173 2153 1234 2211 si
1287 2154 1486 2211 minus
1526 2154 1597 2210 in
1639 2157 1808 2213 curia
1843 2167 2018 2234 atque
2052 2156 2323 2234 insero,
2364 2165 2427 2212 ae

457 2258 529 2315 in
583 2257 772 2316 literis
806 2267 862 2314 et
907 2256 1114 2327 libris,
1156 2265 1222 2312 ut
1253 2254 1589 2314 doctissimi
1621 2268 1835 2317 veteres
1852 2260 2167 2337 fecerunt,
2208 2275 2429 2315 navare

458 2377 577 2416 rem
621 2357 931 2436 publicam
975 2367 1032 2414 et
1078 2357 1148 2414 de
1200 2357 1462 2414 mov-ibus
1514 2377 1587 2415 ac
1639 2358 1870 2438 legibus
1922 2378 2214 2437 quaerere.
2312 2357 2431 2418 Sed

459 2458 631 2520 verbo
682 2469 851 2519 teum
901 2476 1025 2518 non
1058 2464 1208 2534 puto
1253 2455 1616 2534 respondere
1649 2457 1947 2519 formulae
1981 2461 2058 2526 ὡς
2097 2461 2160 2518 ἐν
2197 2463 2425 2538 λόγοις,

458 2581 618 2640 quae
691 2560 770 2620 de
829 2559 1327 2638 philosophorum
1390 2558 1897 2637 disputationibus
1958 2561 2204 2640 ponitur
2264 2561 2429 2639 apud

457 2662 848 2723 Plutarchum
883 2662 1061 2722 Stoic.
1095 2661 1369 2740 Repugn.
1406 2681 1466 2740 p.
1507 2661 1682 2722 1033.
1720 2661 1800 2737 B,
1844 2663 2072 2742 quippe
2104 2683 2264 2743 quae
2294 2663 2428 2723 istic

456 2765 783 2844 opponitur
844 2764 1108 2842 ipsorum
1158 2763 1318 2822 vitae
1366 2764 1457 2843 (iv
1506 2776 1634 2830 τοῖς
1692 2763 1899 2845 βίοις).
1996 2765 2196 2826 Potius
2254 2768 2426 2828 verbo

457 2878 625 2925 tenus
676 2872 766 2923 est
783 2909 802 2940 ,
857 2871 1123 2938 tantum,
1182 2871 1480 2940 quantum
1525 2863 1879 2926 dialecticae
1908 2866 2227 2926 subtilitati
2257 2868 2430 2927 satis-

455 2967 670 3043 saciat,
729 2965 887 3025 sicut
943 2968 1087 3022 nard
1148 2969 1454 3043 λογισμὸν,
1501 2969 1605 3027 cui
1638 2969 1964 3047 opponitur
1994 2976 2174 3043 τύχης
2222 2970 2425 3038 ἕνεκα,

455 3068 616 3147 apud
657 3065 1122 3128 Demosthenem
1163 3066 1399 3145 Leptin.
1440 3087 1501 3146 p.
1544 3068 1684 3130 490.
1727 3070 1887 3130 med.

401 3200 430 3210 -
538 3172 614 3231 ab
666 3171 780 3230 hoc
816 3169 1077 3250 familia
1129 3202 1211 3215 —
1264 3167 1512 3230 Platone
1557 3170 1864 3251 principe)
1942 3172 2074 3232 Non
2123 3172 2426 3233 indicatur

454 3272 816 3353 pronomine
865 3268 1226 3344 Academia,
1287 3278 1357 3329 ut
1407 3279 1580 3349 putat
1630 3271 1920 3348 Moserus,
1979 3273 2157 3334 cuius
2192 3275 2318 3353 ipse
2350 3276 2427 3335 sit

455 3383 745 3437 sectator:
790 3372 891 3431 sed
940 3373 1016 3432 ab
1062 3373 1208 3446 hoc,
1252 3372 1294 3432 i.
1332 3393 1387 3431 e.
1425 3392 1585 3451 quae
1619 3394 1787 3434 nuno
1822 3374 2224 3452 indicabitur,
2263 3379 2428 3455 posi-

456 3479 534 3537 tis
599 3475 949 3538 nominibus
1005 3473 1303 3550 Platonis,
1373 3473 1744 3551 Aristotelis,
1813 3477 2106 3553 aliorum,
2166 3487 2234 3539 ut
2292 3487 2424 3540 tum

457 3579 832 3653 Academici,
873 3586 1003 3638 tum
1040 3576 1405 3656 Peripatitici
1440 3579 1558 3636 sint
1592 3578 1995 3656 intelligendi.
2074 3581 2198 3641 Hic
2227 3583 2309 3641 ita
2345 3582 2423 3642 ad

458 3698 624 3758 seqq.
672 3677 959 3738 refertur:
1013 3695 1192 3756 supra
1227 3677 1328 3752 11,
1369 3677 1469 3737 24.
1507 3677 1644 3737 init.
1685 3678 1827 3739 hacc
1849 3692 2154 3759 praeterea
2184 3694 2323 3743 sunt
2358 3687 2427 3744 in

375 3807 386 3818 ⁴
461 3780 722 3862 legibus:
776 3777 855 3838 ad
890 3777 1021 3838 niv.
1059 3778 1127 3852 1,
1172 3777 1236 3851 l,
1275 3778 1410 3837 init.
1446 3780 1515 3836 in
1550 3799 1733 3839 causa
1760 3779 1904 3840 leaeo
1935 3792 2092 3840 sum.
2174 3783 2427 3844 Platone

450 3881 729 3963 principe
745 3924 764 3955 ,
808 3880 849 3939 i.
889 3899 944 3939 e.
992 3878 1165 3938 cuius
1202 3879 1484 3957 princeps
1517 3879 1639 3939 fuit
1671 3880 1855 3941 Plato.
1937 3881 2157 3941 Eadem
2191 3886 2426 3945 ratione

463 3985 593 4045 rin.
640 3981 753 4056 IV,
795 3981 908 4057 22,
961 3980 1076 4055 61,
1136 3981 1413 4042 Platonis
1459 3984 1593 4059 illi,
1646 3997 1704 4043 ee
1752 3983 2027 4062 deinceps
2073 3986 2183 4062 qui
2232 4007 2429 4048 eorum

464 4086 759 4147 auditores
793 4086 1087 4164 suerunt,
1137 4082 1361 4162 quibus
1404 4083 1551 4144 item
1602 4083 1788 4145 huius
1829 4082 1948 4144 loci
1996 4083 2076 4144 de
2109 4085 2290 4147 rebus
2323 4105 2430 4167 pu·
