3131 5032
1074 442 1216 510 Lm.
1247 443 1313 527 1,
1361 447 1481 526 20,
1524 445 1636 512 53.
2208 447 2339 516 429

384 649 658 714 audierat
687 645 914 709 Cicero.
994 645 1112 707 Sed
1147 647 1370 708 mirum
1399 647 1544 724 hoc,
1577 647 1866 729 distingui
1889 649 1967 710 ab
2003 650 2110 712 illo
2146 652 2344 714 Gellio

383 755 650 816 Gellium
684 750 1048 832 Poplicolam
1066 796 1085 826 ,
1126 751 1235 829 qui
1266 750 1338 811 A.
1375 751 1441 810 U.
1477 749 1592 812 681
1628 749 1843 813 Consul
1874 753 1992 814 fuit
2022 775 2164 817 cum
2195 758 2344 817 Len·

386 859 517 918 tulo
566 856 658 938 (in
706 875 892 936 quem
944 874 1171 913 annum
1226 853 1423 913 Verris
1470 863 1754 932 praetura
1806 858 2034 918 urbana
2069 860 2284 920 incidit
2298 859 2344 942 ,)

388 961 619 1040 quique
670 958 762 1018 his
814 958 880 1016 in
930 955 1193 1015 verrinis
1254 964 1657 1034 memoratur,
1714 958 1779 1032 1,
1833 958 1945 1035 48,
2008 961 2158 1038 125,
2212 962 2347 1044 (ubi

388 1062 693 1122 hominum
723 1059 1086 1121 mutandum
1115 1059 1182 1118 in
1207 1058 1494 1136 hominis,
1527 1060 1569 1122 i.
1600 1080 1655 1121 e.
1684 1060 1865 1120 Gellii
1894 1070 2024 1124 tum
2054 1064 2347 1147 Consulis)

391 1173 454 1226 et
501 1165 600 1241 11,
651 1163 767 1241 39,
818 1163 918 1225 95.
1013 1163 1088 1224 Et
1145 1162 1314 1223 huno
1361 1163 1578 1225 vixisse
1623 1184 1816 1245 usque
1865 1166 1942 1225 ad
1990 1167 2063 1228 A.
2116 1169 2183 1229 U.
2226 1168 2348 1230 698

392 1276 639 1348 apparet
692 1287 766 1327 ex
818 1265 1011 1327 Pison.
1048 1264 1087 1324 3
1105 1312 1125 1341 ,
1166 1265 1206 1327 6
1225 1311 1243 1340 ,
1284 1285 1441 1344 quae
1492 1267 1683 1329 oratio
1734 1268 1842 1327 illo
1881 1288 2040 1329 anno
2073 1270 2233 1330 dicta
2260 1278 2353 1331 est

392 1372 461 1432 in
493 1379 726 1432 senatu.
803 1369 999 1449 Igitur
1037 1367 1328 1446 grandem
1370 1377 1629 1430 aetatem
1674 1371 1927 1450 adeptus
1963 1380 2052 1431 est
2083 1372 2348 1433 Gellius:

393 1474 499 1536 sed
547 1493 669 1552 quo
692 1537 697 1544 ,
721 1491 881 1532 anno
921 1470 1210 1532 Achaiam
1246 1471 1621 1550 provinciam
1657 1493 1733 1533 ex
1763 1482 2045 1554 praetura
2078 1475 2352 1537 obtinue-

393 1578 511 1653 rit,
549 1573 795 1634 difficile
833 1582 920 1633 est
957 1582 1234 1635 statuere.

477 1679 631 1760 quid
657 1678 892 1739 tandem
925 1677 996 1738 id
1024 1678 1106 1738 ad
1132 1676 1321 1759 ronst)
1400 1677 1523 1738 IIoc
1569 1678 1780 1758 optimi
1819 1681 1944 1740 mei
1980 1689 2252 1742 servant:
2293 1690 2357 1744 et

393 1783 464 1843 in
493 1780 719 1861 quibus
752 1787 841 1840 est
872 1782 981 1859 qui
1017 1781 1277 1856 tandem,
1318 1778 1634 1841 manifesto
1665 1782 1707 1840 d
1736 1780 1949 1842 similis
1979 1785 2359 1845 consonantis

391 1884 622 1947 vicinia
673 1883 948 1962 absorpta
993 1891 1103 1945 est.
1190 1882 1387 1961 Igitur
1418 1903 1543 1944 non
1573 1884 1740 1963 quod
1773 1905 1899 1946 non
1929 1887 2154 1965 optime
2187 1895 2358 1948 sonet

394 1990 502 2071 qui
552 1995 685 2067 post
734 1987 920 2047 breve
971 1986 1361 2046 intervallum
1395 1987 1721 2066 repetitum
1737 2032 1757 2063 ,
1797 1987 1894 2069 (ut
1924 1988 2146 2050 Moser-o
2177 1990 2356 2050 vide-

396 2087 601 2169 batur)
650 2088 757 2149 sed
804 2089 950 2168 quia
982 2089 1286 2149 soloecum
1321 2096 1438 2164 est,
1475 2088 1944 2168 repudiandum.
2025 2089 2193 2152 Verr.
2229 2091 2355 2170 111,

398 2193 509 2270 79,
567 2191 718 2268 183,
770 2191 920 2271 qm‘d
968 2211 1039 2251 ea
1087 2211 1179 2251 ree
1212 2190 1293 2276 ad
1321 2191 1474 2251 Ιιαηο
1504 2211 1626 2250 rem
1648 2195 1948 2272 pertinet?
1987 2203 2051 2255 et
2081 2195 2167 2255 sic
2199 2215 2359 2256 sem-

397 2316 538 2376 per-3
581 2301 652 2354 ut
699 2293 859 2352 nihil
906 2292 1014 2352 Ιιοο
1048 2292 1128 2351 ad
1159 2313 1277 2350 rem
1295 2336 1314 2367 ,
1354 2312 1480 2353 non
1509 2293 1671 2352 nullo
1704 2294 1904 2354 modo.-
1945 2295 2217 2356 eiusdem
2250 2316 2361 2376 ge-

401 2398 565 2459 neris
616 2405 790 2472 sunt,
828 2415 988 2475 quae
1020 2393 1346 2474 Madvigius
1378 2403 1672 2456 memorat
1706 2396 1784 2456 ad
1822 2397 1950 2459 Pin.
1985 2419 2046 2479 p.
2082 2400 2181 2462 33.
2215 2399 2318 2462 fm.
2338 2446 2358 2477 ‚
2443 2445 2448 2450 ·

400 2501 737 2580 eademque
770 2500 1025 2562 varietas
1058 2498 1227 2560 Tuso.
1262 2497 1329 2574 I,
1365 2497 1439 2575 6,
1480 2498 1576 2560 12.

481 2604 763 2685 quoniam
795 2600 1052 2662 Athenis
1085 2601 1292 2661 audire
1317 2620 1392 2660 σε
1422 2600 1693 2661 Phaedro
1720 2623 1846 2663 meo
1870 2603 2139 2687 memini)
2195 2604 2364 2667 Sum·

398 2708 583 2768 simus
632 2706 915 2786 quoniam
968 2724 1045 2766 ex
1093 2702 1302 2765 Ambr.
1357 2705 1414 2779 β.
1468 2702 1647 2764 Paris.
1707 2728 1755 2766 ε.
1807 2706 2048 2786 Lagom.
2106 2707 2201 2768 10.
2250 2708 2361 2770 39:

400 2808 589 2888 idque
634 2809 781 2867 latet
832 2808 899 2866 in
953 2827 1131 2887 quam
1148 2851 1167 2882 ,
1216 2806 1382 2885 quod
1411 2806 1599 2867 Oxon.
1635 2816 1689 2866 Ε
1719 2815 1783 2868 et
1813 2809 1935 2868 mei
1977 2810 2192 2889 optimi
2220 2812 2367 2871 libri

401 2918 673 2987 servant,
732 2918 935 2990 postea
985 2928 1302 2989 perperam
1352 2918 1690 2969 correctum
1740 2911 1806 2969 in
1857 2914 1982 2991 qui.
2079 2913 2366 2991 Accedit,

402 3015 569 3096 quod
596 3033 720 3075 non
752 3021 984 3073 tantum
1015 3012 1248 3092 saepius
1272 3014 1554 3092 quoniam
1578 3021 1934 3092 corruptum
1962 3035 2084 3076 esse
2104 3024 2334 3078 constat
2342 3013 2409 3096 ,‘

403 3116 509 3178 sed
540 3134 619 3175 ne
652 3121 864 3194 aptum
901 3112 1151 3192 quidem
1186 3120 1275 3173 est
1308 3116 1453 3192 quia
1496 3112 1561 3173 h.
1599 3113 1642 3174 l.
1723 3114 1874 3175 Nam
1912 3136 2111 3197 neque
2142 3118 2270 3178 Fin.
2301 3119 2366 3196 1,

410 3219 488 3280 10
503 3265 523 3297 ,
565 3217 681 3292 32,
723 3217 935 3278 Cicero
967 3215 1322 3294 scripsisset,
1355 3216 1743 3297 voluptatem,
1785 3222 2066 3297 quoniam
2098 3222 2368 3302 voluptas

405 3324 514 3399 sie,
555 3332 932 3402 παραπαίειν.
966 3339 1169 3400 neque
1194 3318 1319 3380 h.l.
1409 3320 1596 3379 Gellii
1624 3340 1776 3381 more
1807 3323 1886 3382 ad
1911 3324 2088 3383 istam
2109 3326 2369 3404 pertinet

408 3427 861 3487 controversiam
906 3424 1051 3503 quia
1091 3422 1305 3483 audivi
1337 3443 1411 3481 es·
1443 3422 1714 3483 Phaedro
1745 3432 1859 3485 cet.
1941 3426 2099 3502 Quid
2132 3427 2372 3487 intersit

408 3528 571 3588 inter
619 3536 983 3606 utrumque,
1032 3524 1535 3588 considerandum
1571 3527 1637 3585 in
1671 3528 1797 3606 ipso
1831 3526 2102 3606 ingressu
2135 3530 2368 3610 primae

412 3628 492 3688 ad
541 3628 864 3689 Lentulum
923 3628 1224 3707 epistolae.
1275 3659 1356 3673 -
1407 3627 1688 3688 Eiusdem
1751 3633 2124 3711 corruptelae
2173 3631 2369 3716 (quia)

413 3729 803 3792 corollarium
843 3737 932 3790 est
971 3730 1037 3789 in
1072 3728 1474 3791 deterioribus
1502 3728 1676 3790 libris
1707 3752 1797 3791 me
1831 3731 2104 3793 additum
2120 3780 2140 3809 ,
2181 3734 2369 3815 idque

414 3832 775 3895 alienissimo
808 3832 959 3891 loco.
1041 3830 1136 3890 Ad
1168 3831 1298 3893 niv.
1333 3832 1446 3907 vl,
1487 3834 1562 3909 6,
1603 3833 1679 3910 2,
1714 3839 1960 3895 memini
1988 3858 2078 3896 me
2113 3856 2183 3896 ez
2221 3839 2367 3898 mul-

415 3938 496 3997 tis
531 3933 856 4016 hospitibus
887 3967 969 3979 —
1004 3935 1239 3995 audin.-
1281 3943 1343 3995 et
1375 3945 1667 4016 perpetuo
1686 3983 1703 4012 ,
1744 3938 1855 3998 ubi
1893 3958 2221 4017 pronomen
2257 3939 2369 4000 ad-

415 4038 585 4100 ditur
599 4083 619 4115 ,
678 4056 802 4098 non
850 4036 1163 4097 divellitur
1215 4037 1291 4098 ab
1344 4037 1469 4117 ipsa
1517 4038 1823 4101 locutione
1833 4066 1852 4119 ;
1917 4041 1982 4100 id
2032 4041 2197 4121 quod
2244 4062 2368 4103 non

415 4141 594 4205 latuit
643 4140 975 4203 Ernestum.
1069 4139 1186 4201 Sed
1236 4142 1481 4203 numini
1522 4162 1604 4203 ex
1648 4143 1755 4205 illo
1792 4163 2016 4222 genere
2045 4145 2365 4206 verborum
