3131 5032
429 705 641 775 genus
661 731 683 768 ,
748 678 943 773 quod
997 689 1139 746 erat
1188 689 1424 772 aptum
1479 690 1550 747 et
1615 678 2006 750 conveniens
2063 679 2265 752 rebus
2312 695 2382 752 et

429 806 731 904 personis
792 817 865 876 et
924 802 1338 898 tempoi'ibus
1355 799 1395 872 '2
1492 803 1704 895 Igitur
1770 805 1841 873 in
1905 803 2032 876 hoc
2098 807 2339 878 intueri
2358 860 2380 897 ‚

428 934 814 1029 quibusque
869 944 1215 1026 tamquam
1269 929 1605 1002 radicibus
1648 931 1917 1026 politior
1968 931 2132 1004 haec
2173 935 2411 1005 oratio'

433 1063 689 1132 nitatur
726 1058 1038 1151 indagare
1065 1109 1085 1147 ,
1136 1070 1283 1128 tum
1322 1057 1409 1127 ad
1445 1070 1843 1153 perpetuam
1882 1081 2183 1129 normam
2215 1063 2378 1131 recti

433 1199 508 1257 et
546 1187 684 1257 ἀἱ
727 1198 797 1256 et
840 1185 1099 1256 boumn·
1136 1186 1394 1278 exigere
1447 1185 1796 1257 conabitur
1825 1187 1887 1271 is
1904 1238 1926 1276 ‚
1966 1189 2085 1281 qui
2113 1189 2383 1259 Cicero-

435 1315 539 1384 nis
580 1311 915 1384 volumina
952 1311 1080 1382 hoc
1120 1310 1391 1382 consilio
1421 1312 1845 1406 pei-sequitur
1863 1365 1883 1400 ‚
1918 1325 1998 1384 ut
2029 1335 2203 1408 quae
2238 1315 2383 1409 ipse

437 1442 733 1512 continet
785 1438 1054 1509 illarum
1103 1438 1432 1509 virtutum
1486 1439 1735 1509 semina
1787 1438 2138 1511 eliciantur
2183 1454 2261 1512 et
2298 1441 2385 1511 ad

440 1564 769 1636 efficiendi
812 1563 1198 1635 facultatem
1236 1562 1735 1635 confirmentur.

541 1690 674 1762 Sed
729 1689 936 1761 habet
1004 1703 1228 1760 tamen
1295 1689 1526 1759 Cicero
1568 1692 1837 1784 propria
1886 1693 2214 1785 quaedam
2253 1716 2390 1764 non

445 1832 580 1889 tam
631 1818 703 1887 in
758 1817 959 1888 lande
993 1816 1302 1911 ponenda
1321 1868 1341 1906 ,
1388 1814 1576 1910 quod
1616 1817 1878 1910 ingenio
1916 1830 1986 1887 et
2031 1817 2393 1889 ambitione

442 1943 861 2016 redundabat
885 1994 907 2033 ‚
956 1955 1034 2015 ut
1086 1964 1373 2038 pompae
1422 1965 1927 2037 nonnumquam
1974 1968 2183 2038 quam
2227 1946 2391 2016 aciei

442 2073 658 2167 aptior
687 2070 1045 2141 videretur.
1148 2069 1372 2163 Atque
1398 2068 1527 2140 hoc
1563 2081 1707 2140 erat
1730 2068 1901 2140 illud
1940 2071 2126 2166 quod
2161 2070 2352 2144 nobis
2370 2125 2390 2162 ,

441 2200 560 2292 qui
626 2197 827 2268 hodie
878 2197 985 2267 vel
1036 2196 1329 2268 dicimus
1376 2197 1482 2267 vel
1527 2196 1882 2268 scribimus
1903 2250 1924 2287 ‚
1967 2221 2102 2269 non
2142 2211 2393 2270 temera

443 2324 843 2396 imitandum
888 2344 1033 2395 esse
1076 2322 1592 2414 contendebam,
1615 2324 1685 2392 in
1736 2321 1848 2392 illa
1903 2323 2355 2419 disputatione
2369 2320 2398 2415 ,'

440 2472 646 2546 quam
680 2452 751 2521 in
793 2451 1014 2546 primo
1053 2450 1388 2523 volumine
1415 2449 1870 2523 Scholicorum
1899 2448 2395 2546 Hypomnema-

447 2591 595 2650 tum
614 2577 819 2648 edidi.
869 2579 1006 2649 Nec
1027 2590 1219 2649 muto
1255 2579 1648 2649 sententiam
1667 2628 1687 2666 ,
1725 2600 2131 2672 quamquam
2167 2600 2396 2674 repre·

450 2703 697 2775 hensus
734 2729 772 2774 a
803 2703 1265 2801 Bemhardyo,
1317 2705 1455 2775 viro
1494 2704 1854 2775 acutissimi
1889 2704 2172 2798 ingenii,
2220 2705 2395 2775 mul·

450 2843 696 2925 tneque
752 2830 1164 2904 eruditionis.
1276 2830 1338 2900 Is
1382 2831 1561 2898 enim
1622 2828 1742 2924 (ad
1795 2828 1983 2897 Brut.
2037 2825 2160 2897 82.
2214 2830 2394 2924 init.)

450 2976 656 3048 agens
689 2955 780 3024 de
812 2955 1056 3027 Licinio
1098 2953 1303 3026 Calvo
1326 3006 1347 3044 ,
1395 2977 1613 3049 quum
1645 2953 1919 3024 dixisset
1955 2952 2155 3024 huius
2195 2954 2399 3024 ratio-

446 3103 571 3152 πω
624 3103 759 3152 non
811 3084 966 3154 satis
1022 3081 1309 3176 perspici
1370 3101 1451 3149 ex
1517 3081 1595 3150 iis
1648 3100 1823 3173 quae
1885 3076 2128 3147 tradita
2181 3077 2271 3148 de
2314 3100 2396 3148 eo

446 3220 673 3279 essent
690 3260 710 3297 ,
744 3229 854 3278 me
894 3207 1225 3279 »minime
1255 3218 1477 3301 partes
1512 3226 1694 3276 meas
1732 3203 2159 3299 implevisse''
2194 3203 2359 3275 dicit
2376 3259 2396 3294 ,

458 3359 505 3406 n
524 3355 649 3403 nec
689 3332 1044 3428 protulisse
1062 3383 1083 3421 ‚
1131 3354 1304 3427 quae
1340 3330 1737 3424 dignitatem
1781 3329 2202 3424 eloquentiae
2231 3331 2398 3402 Tul-

457 3458 733 3532 »lianae
784 3471 1054 3555 possent
1110 3458 1446 3528 elevare.''
1561 3459 1742 3545 Quas
1785 3455 1898 3526 ille
1935 3468 2158 3552 partes
2203 3481 2243 3527 a
2289 3481 2400 3529 me

451 3585 717 3681 impleri
753 3585 1039 3656 voluerit
1059 3637 1081 3674 ‚
1128 3607 1265 3656 non
1300 3585 1457 3656 satis
1490 3583 1821 3676 intelligo:
1869 3582 2035 3678 quid
2071 3585 2215 3678 ipse
2247 3609 2402 3680 spe-

453 3713 771 3784 ctaverim
824 3725 896 3784 et
946 3725 1126 3784 recte
1172 3712 1482 3801 memini,
1534 3723 1606 3781 et
1636 3711 1793 3780 satis
1814 3761 1836 3799 ,
1884 3707 2085 3779 credo
2104 3761 2124 3798 ‚
2174 3723 2405 3804 aperte

444 3851 603 3909 tum
638 3836 1029 3931 significavi.
1127 3835 1312 3909 Calvi
1351 3838 1637 3907 rationae
1657 3889 1679 3926 ‚
1727 3847 1807 3905 ut
1860 3834 2157 3930 appellat
2195 3835 2403 3906 Bern-

454 3963 788 4060 hardy-us,
835 3964 1150 4058 quoniam
1186 3985 1320 4034 non
1357 3985 1439 4033 ex
1474 3964 1686 4057 ipsius
1735 3962 2106 4034 actionibus
2148 3966 2410 4058 perspi-

447 4112 605 4160 cae
642 4088 973 4178 dabatur,
1023 4088 1435 4181 colligendae
1478 4099 1665 4159 erant
1703 4112 1782 4159 ex
1820 4089 2094 4161 aliorum
2142 4088 2230 4158 de
2267 4090 2409 4158 eius
