3131 5032
762 465 889 530 480
1454 462 1596 530 Lm.
1639 459 1738 547 11,
1784 466 1862 548 Ξ),
1923 466 2019 532 11.

758 672 992 732 diversa
1024 671 1142 730 sint
1175 678 1403 730 temere
1439 689 1475 729 a
1501 668 1790 731 Cicerone
1823 669 2004 730 fuisse
2037 677 2394 749 permutata.
2460 672 2530 731 ln
2549 671 2725 732 Floro

757 776 819 852 1,
861 774 928 832 11
952 821 969 850 ,
1009 774 1075 849 4,
1108 793 1143 833 e
1171 773 1403 851 duplici
1428 772 1692 833 lectione
1717 773 1872 833 bene
1902 782 2188 854 optarunt
2211 775 2471 854 Inttpp.:
2502 796 2722 856 quum·

755 897 878 957 que
906 879 1156 957 denique
1184 876 1332 937 ibid.
1361 876 1470 951 16,
1502 876 1571 953 3,
1599 885 1763 936 recte
1792 877 2218 956 interpretatus
2244 886 2395 939 esset
2414 879 2719 955 nahem,

755 980 1027 1042 laudavit
1058 981 1225 1040 hunc
1261 979 1586 1040 Ruhnken.
1623 979 1702 1040 ad
1739 979 1892 1041 Vell.
1924 980 2049 1043 Pat.
2085 1001 2146 1060 p.
2181 981 2321 1044 367.

1540 1184 1816 1253 CAPUT
1855 1186 1934 1254 V.

836 1395 879 1476 §
926 1393 1020 1456 11.
1100 1413 1301 1454 verum
1347 1412 1576 1473 quoque
1627 1391 1733 1472 sit)
1811 1393 1942 1454 Non
1978 1392 2253 1454 dubitavi
2287 1393 2448 1454 hanc
2478 1393 2718 1452 verissi-

757 1518 918 1558 mam
964 1496 1397 1559 correctionem
1450 1516 1527 1557 ex
1578 1515 1704 1556 uno
1738 1496 2050 1576 alteroque
2081 1496 2315 1556 recenti
2350 1496 2507 1556 libro
2537 1496 2718 1555 susci·

757 1621 934 1681 pere:
989 1600 1201 1680 optimi
1252 1620 1458 1660 omnes
1507 1621 1821 1679 verumque
1867 1603 1950 1660 sit
1966 1646 1985 1677 ,
2045 1620 2270 1679 genere
2318 1599 2722 1679 corruptionis

756 1706 923 1784 quod
975 1705 1121 1764 alibi
1172 1703 1457 1764 indicavi.
1506 1739 1586 1752 —
1634 1703 1837 1780 Mede,
1877 1705 2033 1783 quod
2065 1716 2151 1765 est
2183 1717 2405 1765 rectum
2441 1704 2601 1764 nihil
2633 1713 2722 1764 eet

755 1810 874 1868 nisi
913 1807 1304 1888 periphrasis,
1346 1827 1461 1867 nec
1487 1805 1954 1867 Coniunctivum
1991 1808 2275 1887 requirit,
2306 1812 2372 1868 τὸ
2400 1811 2607 1886 ὀρθόν.
2638 1840 2721 1852 -

760 1912 977 1972 Verum
1032 1909 1187 1990 quid
1227 1911 1303 1969 sit
1337 1910 1401 1969 h.
1440 1910 1515 1985 l.‚
1558 1930 1679 1971 non
1722 1911 2090 1971 satisfaciunt
2120 1912 2346 1991 Inttpp.
2380 1912 2721 1986 Davisium,

755 2016 865 2094 qui
917 2013 1255 2091 corrigebat
1307 2024 1604 2073 aeternum
1623 2060 1640 2089 ,
1694 2013 1916 2074 deserit
1949 2015 2344 2087 Greci-entius,
2385 2015 2494 2094 qui
2530 2014 2722 2074 inter—

754 2124 1029 2196 pretatur
1080 2116 1149 2175 de
1202 2118 1437 2173 intenta
1478 2116 1726 2173 veritate
1743 2160 1761 2191 ,
1802 2123 1864 2174 et
1897 2115 2101 2176 valere
2145 2117 2296 2176 dicit
2330 2137 2442 2197 pro
2475 2128 2629 2176 cereo
2660 2125 2723 2176 et

754 2221 961 2281 arabili
1008 2217 1172 2297 quod
1224 2217 1405 2276 rebus
1438 2217 1610 2277 inest.
1691 2218 1741 2277 Ν
1746 2237 1815 2277 ec
1847 2218 2352 2298 Wyttenhachius
2396 2220 2722 2299 diligenter

754 2324 893 2383 satis
910 2368 927 2398 ,
988 2330 1058 2380 ut
1110 2320 1266 2379 mihi
1311 2320 1588 2396 videtur,
1644 2318 1977 2399 distinguit.
2061 2323 2312 2383 Rectum
2346 2323 2720 2401 appellatur,

755 2425 1091 2487 seeundum
1138 2424 1396 2500 Stoicos,
1440 2423 1503 2483 id
1558 2423 1726 2503 quod
1764 2424 1827 2483 in
1872 2444 1935 2485 se
1980 2426 2317 2505 perfectum
2350 2435 2413 2487 et
2444 2427 2721 2487 omnibus

755 2530 1027 2592 numeris
1076 2528 1416 2589 absolutum
1472 2536 1584 2605 est3
1645 2528 1802 2588 sicut
1852 2530 1917 2589 in
1968 2531 2317 2609 quaestione
2362 2530 2441 2590 de
2471 2530 2716 2608 Officiis;

759 2634 918 2696 cons.
948 2634 1140 2694 Beier.
1174 2632 1415 2692 Excute.
1450 2631 1562 2692 ΙΙΙ.
1594 2631 1666 2692 ad
1697 2632 1747 2692 1.
1776 2631 1856 2693 de
1884 2630 2047 2694 Offic.
2129 2633 2326 2712 Igitur
2357 2634 2476 2696 hoc
2510 2635 2721 2695 tribui·

757 2746 859 2798 tur
906 2737 1098 2796 menti
1152 2734 1396 2795 divinae
1419 2781 1437 2811 ,
1490 2737 1719 2795 rationi
1757 2747 1946 2795 rectae
1979 2740 2198 2796 summi
2231 2738 2420 2799 Iovis.
2505 2738 2740 2809 Verum,

755 2842 981 2902 dicitur
1032 2840 1112 2901 de
1162 2858 1410 2915 norma,
1469 2837 1559 2899 ad
1597 2859 1782 2918 quam
1834 2840 1989 2900 iusta
2041 2847 2102 2899 et
2151 2840 2373 2900 iniusta
2426 2841 2721 2920 exigenda

754 2947 875 3007 sint
890 2993 909 3022 ,
968 2944 1363 3023 cemiturque
1414 2943 1478 3001 in
1533 2941 1812 3021 regendis
1842 2943 2015 3002 sactis
2048 2951 2109 3003 et
2140 2945 2459 3021 consultis,
2500 2946 2566 3004 in
2598 2946 2719 3004 im·-

756 3048 1028 3130 perando
1062 3055 1124 3107 et
1156 3044 1571 3127 prohibendo;
1616 3065 1810 3125 eaque
1844 3046 1972 3125 ipsa
2005 3047 2153 3129 Iegis
2186 3047 2276 3106 vis
2309 3055 2415 3108 eet.
2507 3048 2720 3127 Itaque

756 3161 827 3213 nt
882 3164 1103 3214 rectum
1165 3150 1674 3229 contemplatione
1692 3195 1710 3225 ,
1767 3150 1853 3209 ita
1903 3170 2101 3209 verum
2164 3172 2277 3211 usu
2339 3153 2712 3226 continetur,

756 3256 1104 3335 diciturque
1154 3273 1263 3333 pro
1318 3254 1474 3314 iusto
1528 3261 1589 3312 et
1644 3272 1856 3332 aeque.
1938 3253 2036 3313 Sic
2076 3253 2395 3314 confitetur
2435 3257 2716 3331 Quintus,

759 3358 826 3418 id
877 3357 1042 3438 quod
1104 3354 1334 3413 Marcus
1397 3353 1941 3431 demonstraverat,
2000 3356 2198 3434 legem
2261 3357 2534 3417 eamdem
2595 3376 2720 3418 enee

758 3471 942 3542 atque
973 3477 1266 3520 summam
1294 3456 1464 3517 illam
1497 3465 1561 3516 et
1587 3456 1857 3518 divinam
1900 3468 2188 3522 mentem.
2266 3460 2362 3520 Sic
2397 3470 2718 3540 usurpatur

758 3585 929 3624 verus
980 3563 1142 3623 Orat.
1177 3561 1242 3635 Ι,
1286 3560 1397 3635 43,
1453 3559 1606 3636 194,
1658 3562 2169 3643 confirmaturque
2205 3564 2356 3624 haec
2389 3565 2719 3626 observatio

762 3666 1044 3745 Madvigii
1091 3665 1306 3742 Opusc.
1351 3684 1411 3743 p.
1448 3664 1571 3726 336
1601 3665 1928 3742 sententie,
1969 3669 2164 3727 iustus
2200 3688 2272 3727 eo
2303 3668 2471 3743 loco,
2511 3689 2717 3748 quam·

759 3793 944 3854 quam
998 3771 1117 3831 alia
1160 3769 1239 3831 de
1277 3789 1479 3845 causa,
1523 3769 1854 3831 delendum
1889 3790 2013 3831 esse
2050 3770 2526 3832 demonstrantis.
2607 3772 2718 3832 Pro

760 3877 983 3937 Scauro
1016 3872 1058 3955 §
1093 3872 1204 3947 26,
1243 3892 1428 3950 neque
1473 3871 1625 3930 mihi
1655 3873 1987 3953 probabile,
2028 3893 2213 3953 neque
2253 3895 2453 3934 verum
2484 3875 2718 3934 videba-

759 3992 860 4041 tur
898 3997 988 4035 me
1039 4008 1120 4020 —
1171 3993 1411 4034 causam
1466 3984 1764 4052 tamquam
1815 3975 1995 4034 unius
2042 3976 2276 4035 clientis
2326 3980 2394 4035 in
2447 3976 2717 4036 cubiculo

757 4102 883 4142 meo
913 4081 1165 4139 discere:
1198 4075 1274 4137 ad
1289 4074 1420 4135 niv.
1440 4075 1469 4133 1
1491 4075 1560 4150 ,8
1576 4078 1669 4151 ,2.
1689 4075 1776 4151 ΙΙ,
1800 4076 1891 4152 17,
1912 4076 1968 4137 4.
1987 4077 2123 4140 init.
2159 4098 2302 4139 cum
2335 4080 2722 4140 annotatione

758 4182 978 4255 Curtii,
1034 4178 1425 4255 eiusdemque
1472 4184 1675 4237 notata
1726 4176 1803 4236 ad
1853 4177 2067 4239 Salust.
2107 4179 2347 4242 catilin.
2383 4180 2616 4257 XXXV,
2656 4181 2718 4240 2.
