3131 5032
2257 521 2398 566 XVII

424 694 702 785 appellnt
768 693 966 763 libros
1029 695 1375 787 Augur-ales
1432 716 1594 786 quos
1641 698 1988 788 scripserit:
2052 718 2120 770 et
2153 714 2396 772 ‘tamen

416 820 939 878 commemorent
985 808 1301 877 Charisius
1341 823 1410 877 et
1451 810 1701 878 Servius
1718 862 1735 891 ,
1784 835 1994 903 neque
2025 815 2254 885 iniuria
2283 816 2394 884 in·-

422 920 623 1012 teni&
673 919 984 988 videntur
1033 920 1103 987 in
1135 919 1234 987 his
1282 921 1488 989 verbis
1518 921 1725 992 Divin.
1755 927 1856 1004 11,
1904 931 2028 1007 36,
2074 927 2249 1006 init„
2285 930 2403 993 sed

420 1034 504 1099 de
529 1035 649 1100 hoe
683 1035 818 1099 loeo
840 1034 1179 1120 plu-ain
1200 1036 1401 1101 'aliia
1493 1038 1619 1104 nos
1659 1050 1877 1105 autem
1915 1051 1982 1106 et
2011 1038 2166 1108 alios
2196 1054 2399 1131 quare

420 1145 713 1215 omiserit
757 1145 826 1212 in
874 1144 982 1212 ille
1029 1144 1515 1214 enumeratione
1562 1147 1968 1217 voluminum
2013 1172 2050 1217 a
2084 1172 2149 1217 se
2180 1150 2395 1227 edito,-

422 1279 612 1337 rum,
678 1279 813 1326 non
862 1256 1128 1325 difficile
1166 1270 1263 1325 est
1292 1258 1682 1349 excogitare5
1732 1260 1802 1327 id
1832 1263 2015 1352 quod
2049 1285 2185 1333 non
2217 1264 2398 1331 cadit

426 1368 498 1433 in
542 1366 661 1435 hos
705 1368 798 1434 De
837 1367 1112 1457 Legibus
1156 1367 1371 1436 libros.

516 1479 958 1548 Consu-matur
1024 1502 1095 1547 ea
1156 1481 1513 1562 sententia,
1581 1504 1712 1551 non
1767 1485 1960 1554 fuisse
2008 1486 2217 1556 editos
2264 1487 2401 1555 illos

428 1592 662 1671 libros,
722 1590 1009 1661 definito
1061 1607 1391 1683 tempore,
1453 1616 1587 1684 quo
1642 1596 1911 1686 scriptos
1969 1621 2097 1666 ense
2154 1621 2404 1667 necesse

429 1705 551 1785 ἐκ
600 1704 668 1771 in
709 1728 837 1795 qun
882 1705 1319 1795 disputatione
1350 1728 1485 1774 non
1527 1721 1678 1774 utar
1715 1732 1891 1776 nunc
1925 1711 2237 1778 Lactantii
2273 1735 2397 1778 au·

428 1816 768 1897 ctoritate,
812 1818 929 1908 qui
976 1821 1069 1887 De
1102 1818 1292 1886 Offic.
1337 1818 1449 1885 nei
1483 1843 1631 1910 cap.
1674 1828 1702 1885 1
1743 1820 1891 1889 satis
1922 1823 2159 1891 diserte
2192 1824 2397 1915 signi-

420 1930 592 1998 fieat
649 1930 845 1999 libros
902 1932 996 1997 De
1040 1933 1184 1999 Nat.
1245 1932 1523 2001 Deorum
1573 1932 1841 2023 scriptos
1890 1958 2019 2003 esse
2067 1949 2213 2026 post
2261 1935 2400 2004 illos

429 2044 521 2111 de
550 2044 858 2135 Legibus3
905 2044 1018 2110 sed
1070 2065 1207 2112 non
1237 2059 1493 2113 constat
1532 2046 1706 2114 inter
1737 2047 1901 2117 viros
1931 2049 2173 2119 doctos.
2264 2053 2400 2116 [nm

425 2156 691 2224 (lomdi
760 2155 1032 2247 suspicio
1107 2157 1466 2248 (Quaestur.
1542 2180 1609 2247 p.
1664 2157 1821 2247 265)
1873 2158 1943 2225 in
1987 2158 2197 2227 Cilicis
2248 2159 2397 2227 scri-

427 2283 576 2359 ptos
607 2292 766 2347 esse,
816 2269 914 2337 vix
947 2268 1076 2338 ulla
1112 2269 1659 2338 demonstratione
1694 2271 1957 2338 munitu-
1977 2286 2090 2339 est.
2181 2271 2396 2362 Chap-

272 2392 289 2401 '
427 2406 707 2451 mannus
750 2405 827 2451 ex
870 2382 981 2450 illo
1027 2381 1314 2463 silentio,
1363 2382 1451 2449 de
1495 2400 1628 2471 quo
1667 2383 1864 2451 modo
1895 2380 2203 2462 vidimus,
2251 2396 2397 2471 post

424 2494 627 2566 libros
670 2497 764 2564 De
805 2494 1205 2565 Divinatione
1239 2509 1306 2563 et
1341 2495 1432 2562 De
1465 2496 1620 2563 Fato
1647 2494 1916 2585 scriptos
1946 2516 2075 2562 esse
2106 2495 2395 2572 conficit.

425 2611 729 2687 louet-us,
803 2606 1015 2676 multo
1074 2604 1444 2697 diligentius
1502 2604 1675 2696 ipsa,
1749 2628 1917 2695 quae
1976 2605 2399 2676 continentur

425 2719 532 2786 his
578 2718 788 2800 libris,
855 2719 1217 2809 explorans,
1282 2716 1570 2807 primum
1634 2717 1956 2807 »intelligi
1978 2769 1995 2798 ,
2060 2717 2255 2798 dicit,
2318 2740 2394 2786 ex

428 2831 619 2900 mh.
652 2835 779 2912 111,
835 2838 957 2914 13,
1006 2837 1131 2908 30,
1177 2829 1443 2919 scriptos
1477 2851 1606 2896 esse
1647 2843 1791 2919 post
1818 2828 2073 2896 obitum
2110 2830 2393 2911 Luculli,

426 2943 591 3034 »qui
641 2943 804 3013 obiit
848 2943 1154 3011 Cicerone
1199 2941 1525 3010 exsulante
1544 2993 1560 3022 ,
1624 2941 1665 3007 i.
1703 2964 1758 3008 e.
1803 2922 2021 3029 paullo
2063 2954 2218 3007 ante
2260 2941 2396 3008 bel·

429 3056 621 3123 »lum
655 3056 829 3123 inter
859 3058 1177 3122 numerem
1210 3069 1277 3121 et
1311 3053 1724 3143 Pompeium,
1769 3065 2012 3142 septem
2047 3051 2183 3119 fere
2216 3051 2400 3120 annis

426 3182 633 3237 »ante
692 3167 1011 3236 Ciceronis
1069 3165 1404 3235 obitum:”
1471 3165 1706 3245 voluit,
1737 3163 2034 3253 opinor,
2099 3164 2400 3233 Cicerone

422 3279 707 3349 Ciliciam
735 3303 856 3371 pro
886 3279 1155 3347 Consule
1188 3292 1470 3346 tenente.
1562 3278 1692 3345 Sed
1722 3300 1796 3345 ex
1834 3276 1930 3343 his
1954 3276 2172 3345 moseri
2199 3276 2402 3345 verbis

420 3393 570 3485 quis
612 3415 747 3461 non
791 3388 1096 3459 conficiat
1139 3413 1287 3458 eum
1338 3391 1461 3458 hoc
1505 3403 1823 3469 statuere,
1870 3410 2117 3457 annum
2163 3389 2401 3457 intelli-

420 3505 719 3597 gendum
783 3525 914 3571 esse
969 3516 1115 3592 post
1179 3501 1461 3569 reditum
1507 3524 1585 3569 ex
1632 3501 2003 3592 provincia?
2063 3516 2130 3569 et
2179 3515 2397 3569 tamen

422 3615 718 3696 subiicit,
777 3614 1131 3682 »omnibus
1179 3615 1385 3704 probe
1432 3612 1859 3704 ponderatis,’
1866 3621 1882 3650 ’
1929 3636 2175 3682 annum
2200 3637 2267 3681 se
2297 3613 2396 3682 in-

428 3726 718 3819 telligere
763 3731 891 3794 701
915 3777 932 3806 ‚
976 3741 1132 3794 ante
1163 3748 1361 3816 quam
1403 3722 1472 3791 in
1510 3725 1792 3793 Ciliciam
1837 3726 2162 3815 profectus
2205 3738 2393 3807 esset3

425 3838 541 3928 qui
594 3861 816 3907 mnus
864 3838 1090 3905 decem
1139 3851 1295 3906 sunt
1347 3837 1501 3905 anni
1549 3853 1704 3906 ante
1751 3837 2065 3907 Ciceronis
2095 3853 2396 3909 mortem.

428 3950 519 4016 De
572 3950 702 4019 hoc
753 3963 973 4018 autem
1017 3971 1164 4017 mox
1214 3948 1476 4017 videbo:
1540 3971 1724 4028 nam,
1777 3969 1945 4038 quae
1998 3947 2151 4016 dein
2203 3949 2397 4019 affert

426 4061 729 4141 locet-ns,
772 4059 937 4127 nihil
966 4058 1299 4150 poetinent
1332 4059 1418 4126 ad
1450 4058 1806 4127 tollendam
1840 4059 2008 4126 banc
2042 4057 2396 4130 dubitatio-

430 4193 614 4246 nem,
662 4183 890 4238 utmm
935 4183 1090 4238 ante
1137 4192 1220 4236 an
1270 4183 1413 4257 post
1466 4170 1858 4258 provinciam
1902 4183 2147 4260 gestem
2177 4169 2396 4259 scripti
