3131 5032
718 688 788 755 et
842 679 1123 778 quodvis
1187 683 1484 755 hodierni
1547 685 1748 755 moris
1805 698 1875 756 et
1919 685 2202 757 hominis
2245 686 2549 779 signum,
2598 685 2665 753 in

715 834 853 904 quo
884 822 1163 881 naturae
1202 813 1455 906 species
1499 834 1635 882 non
1678 811 2055 883 occultetur
2078 863 2101 903 ,
2148 812 2269 883 sed
2307 811 2506 907 plane
2547 810 2664 880 de·

642 950 649 955 “
715 949 1032 1030 pravetur
1084 938 1355 1010 amictu.
1456 938 1639 1009 Haec
1684 939 1806 1032 qui
1850 920 2126 1027 dicunt,
2175 959 2445 1009 causam
2487 936 2666 1006 obti-

714 1079 873 1132 nere
910 1062 1038 1134 sibi
1071 1062 1417 1153 videntur,
1456 1062 1872 1160 victoriaque
1897 1065 2237 1137 exsultant
2267 1088 2470 1160 quam
2510 1087 2663 1134 acu-

716 1189 899 1258 mine
953 1200 1023 1260 et
1070 1191 1209 1263 veri
1260 1212 1459 1262 sensu
1522 1192 1955 1286 reportavisse
2016 1203 2283 1286 putant.
2383 1192 2559 1280 Nec,
2609 1190 2665 1260 si

713 1335 867 1383 vera
890 1315 1187 1385 dicerent
1200 1367 1220 1403 ‚
1258 1316 1546 1387 multum
1579 1317 1886 1410 praesidii
1912 1316 2105 1387 nobis
2147 1316 2663 1410 relinqueretur,

715 1462 854 1532 quo
893 1438 1400 1513 defenderemus
1430 1443 1828 1512 continuum
1861 1454 1934 1511 et
1977 1443 2212 1534 ingens
2254 1441 2562 1513 studium
2599 1443 2668 1510 in

717 1564 1009 1636 Tulliani
1064 1567 1304 1659 ingenii
1359 1568 1808 1638 monumentis
1869 1568 2166 1661 positum
2221 1568 2674 1662 deincepsque

715 1686 1128 1786 ponendum.
1177 1693 1356 1782 Quid
1387 1716 1551 1787 ergo
1585 1691 2194 1788 respondebimus?
2242 1693 2419 1764 Nihil
2452 1693 2674 1763 dicere

715 1830 787 1890 et
821 1817 960 1889 falli
996 1820 1396 1892 adversarios
1417 1818 1457 1890 ‘l
1507 1843 1595 1889 an
1633 1820 1776 1889 iure
1809 1818 2205 1913 delinquere
2239 1816 2673 1891 Ciceronem?

720 1942 810 2012 Hi
864 1945 1041 2013 enim
1080 1944 1218 2015 duo
1256 1943 1438 2014 modi
1480 1944 1772 2014 criminis
1810 1942 2214 2015 defendendi
2254 1970 2292 2015 a
2337 1944 2674 2017 veteribus

717 2070 1046 2163 magistris
1093 2069 1542 2164 ponebantur.

818 2195 1121 2268 Primum
1151 2195 1565 2289 largiendum
1594 2218 1742 2268 esse
1763 2219 2000 2269 censeo
2027 2196 2447 2291 aliquantum
2477 2196 2676 2265 inter·

722 2342 866 2393 ωδε
905 2321 1076 2392 inter
1096 2321 1518 2393 ‚Graecorum
1557 2324 1888 2416 optimum
1925 2346 2267 2417 quemque
2304 2337 2374 2394 et
2417 2323 2676 2393 Cicero·
2733 2418 2740 2423 θ

720 2469 899 2516 nem.
998 2447 1282 2519 Difficile
1313 2471 1471 2520 sane
1507 2447 1827 2520 iudicium
1862 2461 1964 2519 est
2000 2448 2089 2520 de
2126 2449 2424 2543 epistolis
2444 2499 2466 2539 ,
2514 2470 2677 2542 quo·

721 2575 911 2644 niam.
962 2574 1159 2669 plane
1215 2597 1296 2645 ex
1358 2576 1597 2646 eodem
1641 2598 1883 2669 genere
1928 2576 2115 2670 quod
2155 2600 2314 2647 cum
2356 2573 2676 2646 Tullianis

723 2701 1101 2772 conferetur
1119 2754 1145 2788 ,
1206 2701 1373 2772 nihil
1432 2701 1807 2796 quidquam
1866 2702 1954 2772 de
2010 2703 2278 2773 Graecis
2330 2715 2644 2802 superest
2658 2753 2679 2784 ,

728 2848 854 2897 nec
904 2825 1176 2900 fortasse
1229 2827 1359 2899 fuit
1417 2850 1766 2922 umquem.
1879 2830 2176 2899 Paratior
2227 2829 2493 2901 collatio
2537 2848 2682 2897 esse

727 2953 994 3027 videtur
1044 2954 1458 3049 dialogorum
1480 3007 1500 3044 ,
1568 2978 1862 3049 quorum
1922 2956 2180 3048 quippe
2240 2953 2682 3049 praeclarissi-
2789 2937 2792 2938 ἦ

729 3102 909 3148 mem
960 3069 1033 3147 in
1072 3080 1351 3149 Platone
1403 3078 1863 3148 auctoritatem
1907 3076 2254 3148 habemus.
2358 3078 2491 3148 Sed
2528 3079 2681 3172 quis

720 3179 1094 3298 umquem,
1142 3204 1232 3275 de
1286 3203 1624 3276 veteribus
1685 3203 1999 3298 quidem,
2059 3203 2252 3274 illam
2299 3206 2370 3274 in
2421 3228 2684 3276 simma

732 3330 1161 3428 simplicitate
1186 3330 1610 3428 festivitatem
1653 3343 1757 3402 αι
1790 3309 2188 3402 assecutus?
2254 3331 2685 3426 Eloquentiae

731 3460 1183 3556 principatum
1239 3479 1437 3529 nemo
1497 3481 1634 3529 non
1655 3509 1677 3547 ,
1746 3458 2115 3552 postposito
2163 3458 2477 3530 Cicerone
2491 3509 2513 3548 ,
2561 3459 2686 3527 tri·

710 3585 903 3658 =huet
959 3583 1409 3656 Demostheni.
1540 3585 1679 3655 Nec
1738 3596 1966 3654 tamen
2025 3584 2348 3680 pleraque
2407 3608 2640 3657 eorum
2659 3636 2681 3673 ‚

728 3735 903 3807 quae
967 3710 1398 3783 animadverti
1461 3711 1718 3800 solent,
1782 3734 1933 3782 eam
2002 3734 2270 3783 causam
2345 3714 2684 3805 attingimt

735 3862 942 3932 quam
995 3839 1275 3932 agimus.
1338 3837 1523 3908 Non
1558 3838 1903 3931 quaeritur
1942 3837 2032 3907 de
2072 3836 2355 3908 artificio
2390 3837 2684 3932 quodem

736 3976 855 4035 aut
895 3963 1042 4034 de
1022 3964 1267 4059 ingenii
1306 3965 1750 4058 praestantia,
1797 3963 1920 4036 sed
1957 3964 2044 4034 de
2083 3963 2306 4035 colore
2335 3964 2684 4051 omtionis,

735 4111 941 4184 quem
973 4089 1310 4164 diversum
1346 4113 1492 4164 eme
1523 4088 1862 4162 fatemur
1845 4114 1913 4160 1n
1945 4091 2263 4162 Cicerone
2291 4089 2380 4162 ab
2414 4113 2534 4177 eo,
2567 4090 2685 4182 qui
