3131 5032
1623 453 1757 525 106

848 678 1161 732 tractuum
1184 683 1366 730 more
1396 664 1736 748 aequitat·
1764 662 2088 730 contium
2108 688 2131 724 .-
2175 658 2289 727 sed
2318 680 2431 728 sua
2467 680 2665 728 manu

846 776 1093 848 codicis
1121 773 1418 845 librarius
1446 771 1708 843 subiicit
1739 772 1940 865 Ergo
1968 776 2473 863 argumentatio
2501 795 2669 862 quae

849 892 1110 959 dicitur
1143 901 1271 958 eet.
1305 909 1448 979 cap.
1489 892 1606 969 19,
1654 891 1770 957 73:
1818 885 1943 955 tria
1987 899 2209 956 autem
2240 883 2396 957 folia
2431 885 2668 955 inserta

847 1017 1036 1087 sunt,
1083 1000 1323 1094 quibus
1363 999 1791 1071 continentur
1833 997 2052 1068 omnia
2089 997 2198 1069 illa
2246 1021 2417 1092 quae
2447 997 2672 1071 omisa

853 1129 1071 1198 erant,
1129 1136 1425 1206 quaeque
1474 1135 1654 1181 nunc
1699 1111 1897 1181 etiam
1944 1112 2183 1182 absunt
2226 1111 2311 1182 ab
2350 1113 2408 1180 A
2437 1110 2509 1181 in
2539 1135 2673 1205 quo

853 1229 1082 1299 eadem
1113 1226 1348 1296 lacuna
1376 1239 1492 1295 est.
1570 1227 1830 1295 Praeter
1857 1225 2016 1294 haec
2036 1277 2054 1309 ,
2088 1224 2327 1296 horum
2357 1224 2676 1295 librorum

854 1340 1114 1411 collatio
1160 1339 1349 1408 facile
1405 1338 1810 1407 demonstrat
1857 1351 2216 1429 utrumque
2257 1360 2299 1407 e
2345 1337 2679 1409 communi

857 1454 1043 1524 fonte
1090 1452 1365 1522 fluxisse.
1470 1452 1590 1520 Hic
1646 1451 1810 1520 liber
1853 1451 1927 1519 in
1970 1451 2108 1520 fine
2158 1464 2498 1521 truncatus
2542 1465 2638 1521 est
2656 1503 2677 1534 ,

858 1580 1140 1637 extrema
1185 1563 1429 1657 quippe
1484 1563 1679 1633 verba
1734 1577 1890 1633 sunt
1929 1585 1970 1632 e
2015 1566 2109 1632 111
2156 1565 2347 1657 Legg.
2406 1569 2529 1646 18,
2594 1567 2681 1632 40

848 1692 1161 1771 peccante
1199 1691 1437 1746 senatu
1480 1678 1658 1767 quod
1686 1677 1788 1768 fit
1830 1677 2212 1746 ambitione.
2301 1678 2448 1748 Non
2478 1675 2681 1770 negli-

858 1792 1152 1887 gendum
1212 1805 1342 1874 est,
1400 1789 1489 1858 ad
1535 1788 1644 1858 illa
1691 1802 1976 1859 extrema
2024 1791 2119 1860 De
2167 1792 2327 1861 Fato
2366 1790 2561 1859 verba
2607 1788 2681 1858 in

861 1904 1152 1997 margine
1192 1901 1402 1973 notari
1462 1902 1619 1971 »hic
1665 1901 1847 1970 deest
1889 1902 2043 1971 finis
2078 1902 2270 1972 huius
2305 1901 2455 1971 libri
2488 1923 2683 1995 quem

866 2016 1198 2087 »invenies
1243 2016 1675 2107 quaternione
1718 2018 1867 2083 XXI
1908 2015 2066 2088 folio
2114 2015 2464 2085 secundo.”
2554 2014 2685 2083 Sed

865 2152 1078 2222 neque
1108 2128 1281 2211 istic,
1328 2150 1449 2196 nec
1482 2150 1755 2219 usquam
1789 2128 1911 2197 ista
1942 2128 2394 2212 inveniuntur,
2439 2151 2684 2221 neque,

865 2243 1097 2327 crede,
1160 2239 1231 2308 in
1276 2240 1412 2311 ullo
1453 2240 1688 2309 Codice
1720 2239 2058 2332 hucusque
2088 2240 2481 2333 deprehensa
2512 2253 2688 2310 sunt.

866 2353 1080 2424 Codex
1104 2351 1538 2422 Bibliothecae
1552 2352 1855 2422 Publicae
1886 2354 2105 2446 (Catal.
2125 2376 2192 2446 p.
2214 2359 2368 2424 330.
2385 2365 2482 2425 n⁰.
2508 2359 2537 2420 1
2553 2352 2687 2444 18.)

865 2466 1206 2537 continens
1251 2468 1355 2534 De
1397 2468 1697 2536 Deorum
1746 2465 2019 2536 Natura
2032 2519 2051 2551 ,
2107 2469 2214 2539 De
2248 2470 2693 2537 Divinatione

868 2595 938 2650 et
998 2583 1103 2648 De
1154 2581 1450 2673 Legilnoe
1467 2610 1492 2649 .-
1558 2581 2085 2651 membranaceus
2100 2632 2119 2665 ‚
2178 2582 2389 2652 forma
2458 2596 2691 2676 quarta

872 2695 1015 2786 (aut
1064 2694 1178 2764 iol.
1226 2691 1414 2783 min.)
1478 2693 1794 2787 scriptura
1853 2695 2336 2788 Longobardica
2396 2711 2691 2766 accurata

870 2820 942 2876 et
966 2806 1326 2887 constanti,
1371 2807 1478 2876 hic
1503 2805 1634 2875 illic
1669 2807 1933 2876 evanida
1956 2859 1974 2891 ,
2020 2807 2246 2891 seculi,
2290 2823 2371 2878 ut
2406 2809 2690 2896 videtur,

870 2915 1189 2986 XHmffau't
1202 2914 1443 2984 Xmffi:
1470 2930 1760 2987 ceterum
1796 2917 2141 3012 corrigitur
2174 2920 2380 2990 oratio
2416 2920 2695 2991 subinde

873 3027 976 3098 vel
1019 3028 1375 3122 suprascrip
1383 3028 1554 3098 tione
1574 3079 1594 3111 ,
1639 3029 1743 3098 vel
1786 3028 1857 3096 in
1900 3029 2225 3123 margine:
2271 3030 2696 3125 negliguntur

875 3159 1293 3234 personarum
1345 3139 1621 3208 indicia:
1685 3164 1898 3233 neque
1945 3156 2099 3211 sunt
2140 3144 2357 3213 omnia
2403 3144 2655 3237 integra
2673 3198 2693 3228 ,

875 3252 1121 3343 quippe
1167 3265 1308 3320 tum
1354 3253 1502 3320 satis
1547 3275 1787 3347 magna
1823 3254 1894 3322 in
1938 3259 2002 3323 H
2033 3258 2125 3324 De
2150 3259 2430 3327 Deorum
2453 3261 2696 3329 Natura

875 3362 1106 3432 lacuna
1137 3363 1526 3455 relinquitur
1542 3415 1561 3447 ,
1605 3379 1752 3434 tum
1784 3366 2122 3460 utriusque
2144 3369 2293 3439 libri
2323 3373 2414 3440 De
2442 3370 2698 3440 Divina·

881 3473 1061 3545 tione
1092 3488 1375 3545 extrema
1409 3499 1555 3568 pars
1585 3477 1915 3548 omittitur
1923 3508 1952 3563 ,-
1985 3504 2088 3550 ac.
2131 3496 2391 3574 praeter
2421 3482 2703 3553 minores

883 3589 957 3657 in
989 3588 1169 3657 libris
1199 3591 1291 3657 De
1323 3589 1597 3682 Legibus
1620 3590 1910 3675 lacunas,
1940 3607 2223 3663 extrema
2251 3595 2323 3664 in
2355 3596 2512 3666 cod.
2547 3610 2702 3666 sunt

882 3701 1042 3771 haec
1059 3753 1078 3783 ,
1126 3703 1785 3794 moderatissimeque
1812 3712 2179 3775 constituta
2211 3721 2374 3775 esset
2401 3734 2446 3775 a
2480 3714 2701 3777 maio-

885 3816 1086 3882 ribus
1129 3821 1391 3883 noetrt'ae
1438 3819 1983 3902 nihil,111‚5‚
2049 3825 2151 3889 12.
2241 3823 2505 3891 Constat
2535 3821 2705 3893 foliis

898 3932 1065 4010 102,
1096 3950 1232 3997 non
1265 3928 1617 3998 numeratis
1644 3930 2191 4021 quaternionibus.
2282 3935 2431 4005 Fuit
2462 3935 2703 4005 Nicolai

893 4039 1149 4109 Heinsii.
1211 4043 1398 4111 Hunc
1420 4042 1658 4112 librum
1692 4066 1729 4112 e
1756 4043 2002 4116 diverso
2027 4045 2213 4116 fonte
2231 4048 2483 4119 fluxisse
2504 4071 2702 4143 quam

893 4152 1242 4243 superiores
1276 4154 1447 4237 illos,
1495 4155 1775 4226 dubium
1810 4179 1938 4227 me
1965 4181 2101 4229 non
2134 4174 2366 4252 potest.
