3131 5032
1469 500 1686 576 -67

640 715 952 789 doctum
999 712 1369 788 hominem
1416 737 1618 806 sane,
1669 719 1876 791 cuius
1924 715 2064 793 fuit
2102 723 2337 793 Attius
2383 712 2612 819 perfa-

645 835 966 908 miliaris.
1062 832 1200 907 Sed
1234 858 1554 909 mensem
1583 833 1803 911 credo
1835 851 2237 911 extremum
2269 844 2474 930 anni,
2524 855 2609 912 ut

645 968 924 1029 veteres
948 951 1448 1046 Februarium,
1481 959 1583 1028 sic
1611 953 1731 1030 hic
1757 955 2232 1030 Decembrem
2259 958 2610 1057 sequeba-

648 1090 791 1148 tur.
899 1077 1151 1147 Hostia
1192 1088 1437 1148 autem
1482 1079 1792 1151 maxima
1835 1091 2214 1176 parentare
2257 1083 2540 1178 pietatis
2578 1089 2598 1127 ¹

649 1219 809 1267 esse
845 1192 1269 1267 adiunctum
1304 1192 1628 1293 putabat.
2236 1290 2239 1291 7

755 1317 904 1386 Iam
963 1326 1163 1386 tanta
1216 1311 1467 1410 religio
1524 1327 1635 1388 est
1686 1314 2183 1412 sepulcrorum
2202 1368 2223 1407 ,
2281 1330 2365 1391 ut
2412 1332 2610 1392 extra
2680 1325 2841 1380 xxn.

649 1456 858 1505 sacra
909 1445 986 1505 et
1042 1445 1334 1531 gentem
1378 1430 1631 1506 inferri
1676 1430 1782 1508 fas
1820 1448 2087 1532 negent
2123 1460 2297 1511 esse.
2386 1438 2615 1536 quue
2683 1399 2770 1450 ὅδ’

650 1549 847 1652 apud
889 1554 1199 1624 maiores
1234 1564 1523 1627 nostros
1558 1555 1640 1626 A.
1678 1556 2089 1649 Torquatus
2128 1558 2204 1626 in
2237 1570 2453 1653 gente
2483 1563 2618 1629 Po-

656 1671 830 1770 pilia
881 1670 1244 1746 iudicavit.
1331 1673 1483 1746 Nec
1526 1696 1699 1746 vero
1750 1671 2107 1746 tandelica
2142 1674 2255 1749 lex
2286 1689 2314 1729 ²
2357 1702 2545 1773 quae
2580 1702 2623 1750 a

657 1810 841 1865 nece
894 1791 1290 1892 appellatae
1348 1805 1548 1881 sunt,
1595 1793 1768 1888 quia
1812 1790 2221 1866 residentur
2268 1799 2540 1868 mortui
2563 1805 2623 1885 ³,

654 1934 883 2010 quam
916 1924 1325 1985 ceterorum
1360 1907 1780 1983 coelestium
1814 1913 2047 2007 quieti
2079 1910 2232 1987 dies
2256 1910 2478 1989 feriae
2509 1939 2629 1987 no·

661 2034 1141 2122 minarentur,
1171 2032 1310 2102 nisi
1343 2032 1648 2103 maiores
1685 2054 1846 2121 eos,
1881 2034 2011 2128 qui
2042 2056 2131 2104 ex
2156 2031 2292 2107 hac
2324 2038 2470 2108 vita
2503 2039 2631 2108 mi-

659 2165 1019 2253 grassent,
1052 2154 1131 2222 in
1166 2146 1475 2222 deorum
1505 2174 1814 2223 numero
1849 2174 2003 2225 esse
2038 2151 2448 2226 voluissent.
2497 2158 2629 2227 Eas

660 2280 743 2347 in
793 2297 919 2347 eos
963 2270 1115 2343 dies
1163 2266 1496 2344 conferre
1540 2272 1689 2360 iuS,
1728 2283 1813 2345 ut
1846 2294 2088 2368 neque
2125 2275 2352 2373 ipsius
2385 2297 2627 2371 neque

661 2393 999 2495 publicae
1045 2389 1265 2464 feriae
1315 2392 1480 2462 sint.
1581 2395 1910 2488 Totaque
1956 2390 2175 2465 huius
2210 2397 2388 2465 iuris
2429 2416 2626 2466 com-

660 2518 927 2617 positio
981 2507 1414 2611 pontificalis
1468 2532 1802 2607 magnam
1852 2508 2277 2610 religionem
2324 2516 2626 2587 cerimo-

663 2639 1007 2732 niamque
1054 2629 1388 2704 declarat.
1470 2632 1724 2726 Neque
1765 2652 2055 2703 necesse
2107 2646 2215 2704 est
2251 2631 2551 2706 edisseri
2587 2656 2630 2704 a

672 2755 884 2827 nobis
934 2775 1125 2850 quae
1174 2749 1342 2822 finis
1390 2746 1717 2823 funestae
1763 2747 2099 2840 familiae,
2150 2748 2351 2847 quod
2401 2776 2628 2852 genus

670 2871 993 2948 sacrificii
1040 2872 1187 2945 lare
1231 2866 1661 2941 verbeeibus
1694 2866 1856 2959 fiat,
1892 2868 2511 2964 quemadmodum
2548 2894 2632 2943 os

673 2996 1020 3066 reiectum
1043 3003 1071 3044 ⁴
1127 3002 1363 3059 terrae
1387 2994 1415 3033 ⁸
1463 2984 1879 3081 obtegatur,
1926 3010 2262 3083 quaeque
2299 2991 2376 3059 in
2409 3013 2630 3087 porea

664 3124 1037 3188 contracta
1086 3112 1245 3180 iura
1280 3109 1458 3190 sint,
1506 3129 1660 3203 quo
1697 3117 2026 3203 tempore
2064 3108 2357 3205 incipiat
2392 3107 2631 3206 sepul-

661 3258 875 3307 crum
919 3254 1102 3320 esse,
1148 3241 1223 3300 et
1256 3225 1601 3324 religione
1641 3239 1991 3297 teneatur.
2089 3230 2182 3297 At
2232 3225 2412 3298 mihi
2466 3232 2630 3325 qui·
2696 3241 2785 3293 δῦ.

665 3356 838 3427 dem
874 3350 1453 3448 antiquissimum
1491 3345 1904 3444 sepulturae
1939 3368 2167 3443 genus
2201 3345 2381 3420 illud
2408 3346 2630 3421 fuisse

665 3473 987 3561 videtur,
1043 3492 1195 3567 quo
1249 3465 1446 3566 apud
1493 3464 2061 3563 Xenophontem
2109 3469 2338 3564 Cyrus
2374 3472 2630 3541 utitur.

667 3591 1021 3666 Redditur
1074 3591 1270 3661 enim
1327 3600 1562 3658 terrae
1609 3609 1900 3683 eorpus»,
1943 3599 2018 3656 et
2054 3587 2155 3658 ita
2191 3585 2508 3659 locatum
2545 3612 2632 3661 ac

666 3717 891 3786 situm
935 3711 1144 3807 quasi
1187 3707 1641 3805 operimento
1689 3707 1933 3777 matris
1984 3701 2394 3777 obducitur.
2492 3711 2630 3778 Eo·

667 3830 985 3928 demque
1023 3831 1171 3899 ritu
1196 3829 1271 3896 in
1295 3849 1383 3897 eo
1405 3823 1767 3923 sepulcr0‚
1791 3820 1991 3921 quod
2023 3822 2278 3922 procul
2302 3835 2328 3874 ⁸
2362 3823 2452 3897 ad
2484 3824 2633 3898 fon·

670 3957 762 4024 tis
805 3956 1046 4038 aras⁷‚
1097 3970 1341 4045 regem
1386 3958 1717 4016 nostrum
1754 3946 2064 4015 Numam
2101 3942 2476 4018 conditum
2512 3965 2627 4017 ac-

726 4139 743 4174 ¹
782 4133 984 4203 pienti.
1061 4132 1085 4168 ²
1121 4141 1227 4182 tam
1256 4124 1537 4181 anaiades.
1618 4126 1642 4162 ⁸
1679 4125 1914 4178 mortuit-
2000 4127 2023 4163 ἱ
2058 4133 2334 4178 temtum.
2425 4125 2451 4161 ⁵
2484 4135 2636 4176 terra.

654 4224 681 4258 ⁸
711 4236 821 4288 quo
858 4216 999 4269 houd
1034 4213 1232 4284 procul.
1304 4217 1327 4251 ⁷
1365 4228 1391 4260 a
1427 4209 1580 4261 Ponti
1614 4226 1715 4260 ara.

2249 4295 2330 4364 5*
