3131 5032
1273 400 1415 466 Lm.
1460 401 1525 483 1,
1587 403 1647 483 1,
1697 405 1759 467 2.
2368 409 2494 474 265

529 609 808 668 liberavit
863 606 1141 667 eamdem
1199 606 1524 667 formulam
1576 607 1843 684 Curtius,
1898 610 1964 668 in
2012 609 2166 670 Plin.
2212 611 2390 691 Epist.
2430 615 2459 672 1
2482 660 2498 689 ,

527 712 568 771 2
586 758 604 787 ‚
644 712 719 787 6,
760 711 864 771 fin.

608 817 749 875 dum
795 814 1050 873 Latinae
1105 814 1413 892 loquentur
1464 811 1694 894 literae)
1803 814 1939 875 Non
1992 819 2325 877 curandam
2378 838 2503 879 esse

527 927 775 998 apparet
806 917 874 976 in
910 916 1130 975 talibus
1165 917 1464 976 librorum
1498 918 1919 978 auctoritatem
1937 965 1954 995 ,
1988 940 2253 1000 quorum
2287 942 2505 1001 magna

528 1041 664 1100 pars
699 1028 867 1080 tenet
892 1020 1127 1079 Latine.
1212 1018 1328 1078 Sed
1374 1018 1723 1079 novissimos
1761 1017 2028 1080 Editores
2062 1022 2190 1083 labi
2223 1025 2289 1083 in
2320 1024 2503 1084 inter-

529 1120 849 1201 pretandO,
910 1128 973 1181 et
1024 1119 1251 1178 iniuria
1309 1118 1614 1179 Davisium
1657 1120 2099 1203 Ernestumque
2143 1125 2504 1203 deseruisse,

529 1224 966 1285 demonstrabo,
1050 1248 1079 1281 ιι
1102 1224 1253 1282 Sunt
1285 1223 1496 1283 literae
1532 1225 1601 1283 in
1634 1223 1988 1285 universum
2002 1273 2021 1303 ,
2061 1247 2221 1307 quae
2255 1231 2505 1309 loquan-

533 1354 562 1386 ιι
585 1336 685 1387 tur
737 1327 965 1408 (inquit
1017 1324 1434 1406 Gom-onzias),
1475 1335 1537 1386 et
1582 1327 1701 1387 hae
1735 1328 1916 1389 modo
1951 1341 2197 1409 possunt
2230 1332 2505 1394 desinere

534 1456 563 1488 ιι
581 1431 746 1510 loqui
799 1432 1014 1489 latine.-
1076 1430 1300 1489 latinae
1354 1449 1496 1489 vero
1536 1431 1777 1506 literae,
1819 1432 1970 1493 dum
2003 1444 2144 1493 sunt
2161 1481 2179 1510 ,
2219 1456 2345 1495 non
2374 1456 2501 1515 pos-

537 1559 566 1591 ιι
586 1541 723 1593 sunt
772 1553 896 1592 non
947 1532 1101 1611 quin
1136 1533 1526 1612 loquantur.”
1608 1533 1893 1594 Defendit
1929 1535 1995 1594 id
2027 1537 2240 1619 (locine
2281 1538 2506 1619 loqui),

535 1636 699 1716 quod
732 1656 872 1696 sane
908 1644 1087 1715 turpe
1113 1643 1201 1695 est
1231 1635 1573 1713 negligere:
1597 1656 1800 1715 neque
1826 1639 2043 1715 sensit,
2085 1640 2283 1719 ipsum
2313 1641 2469 1702 illud
2487 1687 2506 1716 ‚

535 1760 658 1819 quo
698 1759 901 1799 veram
949 1737 1268 1799 lectionem
1319 1746 1592 1798 evertere
1635 1748 1889 1800 conatur
1931 1741 2099 1823 (dum
2133 1744 2331 1828 sunt),
2366 1764 2506 1805 eon·

534 1842 726 1902 tinere
780 1842 910 1902 eius
963 1842 1240 1902 lectionis
1308 1842 1886 1920 interpretationem.
1997 1844 2258 1907 Moserus
2322 1846 2505 1908 inter-

531 1954 804 2025 pretatur
839 1971 870 2003 ιι
890 1945 1185 2025 quamdiu
1228 1945 1474 2020 literae,
1515 1945 1828 2007 doetrinae
1864 1954 1926 2007 et
1960 1956 2150 2026 artes,
2188 1950 2506 2010 literarum

530 2075 562 2108 ιι
579 2049 985 2109 monumentis
1010 2049 1412 2126 conscriptae,
1449 2049 1644 2109 latina
1671 2051 1883 2133 lingua
1909 2051 2296 2132 loquentur.'’
2358 2054 2506 2114 Con·

531 2152 734 2212 fundit
794 2152 1026 2210 seilicet
1086 2170 1246 2230 quae
1307 2151 1707 2213 diversissima
1766 2163 1927 2216 sunt.
2024 2156 2309 2236 Singulae
2361 2177 2506 2217 sane

533 2266 687 2317 artes
734 2275 846 2334 per
895 2254 1387 2335 prosopopoeiam
1442 2254 1569 2315 dici
1618 2265 1863 2335 possunt
1898 2259 2122 2319 Graece
2155 2268 2263 2320 aut
2295 2259 2506 2321 Latine

531 2361 732 2440 loqui,
792 2367 899 2420 aut
956 2378 1348 2438 quocumque
1398 2359 1518 2419 alio
1563 2380 1869 2421 sermone:
1929 2382 2071 2423 nam
2130 2364 2376 2444 proprie
2426 2364 2506 2425 de

532 2484 779 2544 persona
830 2462 1087 2538 dieitur,
1147 2470 1217 2522 ut
1266 2462 1345 2522 de
1399 2461 1573 2538 Iove,
1624 2465 1683 2522 si
1724 2465 1942 2525 Graece
1986 2466 2292 2547 quuatur,
2337 2467 2501 2529 Brut.

530 2567 647 2644 31,
694 2568 839 2642 121,
880 2574 942 2626 et
979 2567 1182 2626 Mum
1217 2566 1433 2625 Latine
1477 2566 1675 2644 loqui,
1717 2565 1869 2626 Plin.
1911 2567 2091 2647 Epist.
2129 2568 2225 2645 11,
2272 2570 2386 2646 13,
2426 2571 2502 2631 7:

525 2671 782 2750 figurate
817 2669 1026 2730 Cicero
1061 2668 1139 2728 ad
1172 2669 1495 2744 Catonem,
1537 2668 1666 2728 Pin.
1701 2669 1824 2744 111,
1859 2669 1968 2746 12,
2001 2671 2118 2748 40,
2159 2674 2313 2732 mihi
2343 2674 2502 2733 vide·

525 2777 618 2833 ris
665 2773 882 2834 Latine
930 2775 1132 2832 docere
1176 2772 1615 2852 philosophiam
1674 2772 1802 2833 soil.
1854 2773 2060 2854 loqui:
2121 2777 2296 2837 euius
2333 2776 2503 2837 haud

529 2875 796 2936 multum
832 2876 1119 2935 dissimile
1145 2884 1235 2935 est
1262 2875 1658 2957 (quamquam
1696 2885 1824 2935 tum
1863 2878 2328 2956 Heusingerum,
2372 2888 2503 2940 tum

531 2978 833 3040 Klotzium
882 2974 1064 3057 fugit)
1115 2978 1281 3057 quod
1330 2978 1558 3038 dieitur
1593 2980 1657 3037 in
1691 2979 1865 3041 Corn.
1898 2981 2141 3059 Nepotis
2172 2982 2386 3061 fragm.
2424 2984 2503 3043 de

527 3081 833 3141 Histoi-icis
881 3081 1135 3156 Latinis,
1192 3081 1544 3140 Ciceronem
1584 3080 2021 3161 philosophiam
2054 3094 2189 3142 ante
2230 3085 2363 3142 euin
2399 3086 2502 3143 in-

527 3198 778 3248 oomtom
810 3185 1093 3244 Latinam
1125 3205 1237 3242 sua
1273 3186 1735 3264 confonnovisse
1784 3185 2066 3245 oratione.
2148 3185 2265 3245 Sed
2298 3187 2501 3248 literae

527 3288 626 3349 vel
679 3286 996 3361 universe,
1036 3284 1211 3344 nullo
1260 3284 1455 3363 gentis
1494 3284 1743 3344 nomine
1779 3265 2013 3344 adiecto
2030 3329 2049 3359 ‚
2091 3286 2499 3349 eruditionem

523 3391 863 3471 significant
914 3409 951 3449 e
1001 3388 1174 3447 libris
1235 3387 1633 3447 hauriendam
1652 3411 1669 3465 3
1734 3407 1857 3467 qua
1916 3387 2150 3449 ratione
2208 3389 2500 3452 dicuntur

523 3497 742 3556 multoe
772 3496 975 3554 literae
1006 3514 1127 3552 esse
1160 3492 1230 3549 in
1257 3492 1488 3571 aliquo,
1524 3499 1630 3550 aut
1664 3492 1856 3552 liten‘s
1888 3493 2191 3554 eruditus.-
2218 3495 2323 3555 sed
2352 3495 2497 3558 illae

527 3601 728 3658 literae
758 3618 896 3658 non
917 3597 1287 3676 loquuntur,
1331 3615 1543 3654 verum
1581 3596 1877 3675 cuiusque
1912 3597 2115 3657 animo
2151 3607 2214 3658 et
2249 3599 2496 3678 ingenio

525 3703 946 3762 eontinentur:
1008 3719 1123 3759 nee
1177 3700 1368 3778 magis
1419 3698 1544 3759 dici
1593 3701 1813 3779 poterit
1864 3700 1974 3760 has
2026 3701 2228 3762 literas
2277 3704 2494 3764 Latino

527 3806 726 3886 loqui,
753 3824 935 3884 quam
973 3802 1380 3862 eruditionem
1401 3849 1418 3878 ‚
1456 3811 1563 3863 aut
1595 3804 1938 3865 seientiam:
1972 3838 2055 3851 —-
2087 3807 2186 3865 vel
2204 3853 2221 3881 ‚
2257 3808 2495 3868 adiecto

520 3909 724 3990 gentis
775 3906 1060 3980 nomine,
1118 3906 1390 3965 indicant
1453 3906 1675 3985 scripta
1727 3916 1894 3967 certo
1944 3929 2219 3969 sermone
2266 3930 2493 3970 monu-

519 4019 728 4072 menta
742 4043 768 4087 ‚-
817 4010 1055 4070 ratione
1106 4007 1311 4067 habita
1359 4007 1605 4068 illarum
1658 4008 1986 4085 virtutum,
2027 4010 2252 4089 quibus
2297 4010 2489 4072 istius·

523 4114 689 4177 modi
736 4120 1270 4176 monumentorum
1306 4110 1514 4172 laudes
1546 4111 1717 4171 eerni
1753 4113 1962 4174 solent.
2048 4113 2117 4172 Et
2144 4113 2253 4174 has
2286 4114 2490 4176 literas
