3131 5032
807 416 937 482 556
1395 410 1540 478 Lm.
1585 408 1684 496 Η,
1731 410 1851 494 21,
1900 414 2006 479 53.
2050 413 2155 479 54.

879 618 924 701 §
963 617 1064 681 53.
1131 618 1489 699 partitionis
1524 628 1702 696 caput
1744 618 2028 696 scriptum
2063 626 2234 677 caute
2265 612 2368 696 —)
2446 615 2532 677 De
2564 617 2771 678 trihus

793 721 1027 796 modis,
1086 721 1308 800 quibus
1354 720 1677 797 legatarius
1725 719 1904 779 sacris
1948 717 2343 795 liberaretur,
2383 717 2486 778 hic
2525 720 2769 798 primus

795 833 958 900 erat,
1017 825 1067 884 si
1118 831 1360 884 testator
1405 824 1488 884 ita
1540 823 1923 903 partitionem
1974 823 2357 899 instituisset,
2398 830 2468 882 ut
2506 830 2762 883 centum

793 928 969 988 numi
1016 926 1479 988 deducerentur.
1561 926 1732 985 Alter
1770 924 1983 987 modus
2016 934 2105 986 est
2120 972 2140 1003 ‚
2180 933 2252 985 ut
2267 971 2285 1000 ‚
2326 924 2376 984 si
2410 932 2650 987 testator
2684 924 2760 983 id

791 1049 1010 1090 cavere
1035 1029 1424 1108 neglexisset,
1465 1029 1593 1108 ipse
1626 1030 1950 1106 legatarius
1980 1036 2213 1089 tantum
2248 1027 2531 1090 deducat.
2606 1028 2755 1089 Ter-

793 1133 913 1193 tius
955 1131 1170 1192 modus
1200 1139 1286 1192 est
1303 1177 1322 1207 ,
1364 1139 1432 1192 ut
1476 1151 1552 1191 ex
1600 1130 2020 1209 stipulatione,
2059 1150 2184 1190 non
2216 1130 2395 1191 titulo
2427 1130 2635 1210 legati,
2673 1131 2756 1190 ab

789 1233 1018 1295 herede
1069 1233 1339 1314 accipiat.
1433 1234 1549 1293 Sed
1599 1234 1668 1293 in
1724 1234 1831 1294 illo
1864 1234 2052 1294 altero
2089 1232 2301 1310 modo,
2341 1254 2540 1314 super,
2579 1234 2755 1293 diee-

792 1337 937 1396 bant
963 1366 1044 1381 -—
1073 1336 1175 1396 vix
1212 1336 1472 1415 intelligi
1501 1345 1777 1416 possunt,
1816 1336 1931 1395 nisi
1975 1344 2303 1396 statuamus
2336 1335 2398 1394 in
2434 1335 2749 1397 anteoedd.

789 1438 882 1521 (ut
912 1440 1112 1499 minus
1143 1442 1344 1521 capiat
1371 1436 1477 1520 ——)
1517 1440 1715 1518 ipsum
1754 1439 2147 1499 intervallum
2179 1439 2363 1498 fuisse
2395 1438 2704 1499 definitum
2723 1486 2747 1515 ,

788 1541 956 1622 quod
1006 1543 1115 1621 qui
1164 1542 1552 1620 superavisset
1603 1542 1782 1602 sacris
1831 1541 2335 1620 adstringeretur:
2378 1541 2566 1619 igitur
2614 1542 2748 1602 fieri

785 1653 981 1725 potest
1013 1653 1085 1705 ut
1121 1658 1349 1706 cemma
1384 1644 1681 1705 exciderit
1717 1652 1859 1704 ante
1891 1647 2107 1705 minus.

870 1748 942 1808 id
987 1751 1184 1829 ipsum
1201 1794 1221 1825 ,
1279 1768 1394 1829 quo
1446 1749 1670 1831 legatus
1723 1746 1832 1828 est)
1929 1748 2056 1829 Quo
2106 1749 2331 1829 legam
2388 1759 2476 1807 est
2524 1747 2749 1808 habent

790 1870 998 1912 omnes
1028 1852 1151 1912 mei
1167 1897 1186 1928 ,
1225 1851 1406 1934 (sicut
1437 1859 1558 1911 tres
1591 1850 1755 1929 apud
1786 1847 2104 1931 Moserum)
2130 1859 2366 1930 praeter
2398 1850 2744 1928 deteriores,

788 1953 857 2013 in
910 1954 1133 2033 quihus
1179 1964 1268 2014 est
1317 1955 1474 2035 quod
1508 1955 1764 2036 legatum
1797 1966 1900 2013 esi.
1982 1953 2133 2013 Puto
2163 1973 2369 2014 veram
2401 1974 2526 2014 esse
2555 1973 2745 2015 corre·

789 2058 1086 2119 ctionem:
1142 2075 1346 2136 neque
1380 2056 1545 2116 enim
1581 2057 1825 2117 alterius
1862 2058 2350 2135 constructionis,
2374 2060 2635 2138 pecunia
2668 2059 2745 2118 le·

777 2162 923 2242 gan·
961 2161 1218 2239 aliquem
1235 2204 1254 2235 ,
1290 2159 1565 2238 exempla
1604 2160 1767 2220 novi.

868 2262 1061 2341 sitque
1114 2282 1185 2321 ea
1238 2257 1380 2338 non)
1475 2258 1671 2320 Acute
1722 2279 1864 2319 sane
1927 2258 2159 2320 effinxit
2209 2261 2534 2321 Lambinus
2566 2261 2745 2321 huius

785 2366 1043 2427 lacunae
1091 2365 1576 2445 supplementum
1627 2384 1701 2424 ex
1759 2363 2113 2438 Plutarcho,
2165 2363 2326 2443 apud
2367 2383 2554 2442 quem
2591 2384 2744 2443 quae

784 2467 856 2529 fit
899 2467 1201 2530 Ciceronis
1242 2467 1472 2528 mentio
1518 2467 1648 2527 sine
1682 2465 1872 2527 dubio
1913 2466 2038 2527 huc
2076 2465 2411 2527 revocanda
2443 2475 2552 2528 est.
2631 2467 2745 2528 Sed

786 2573 1054 2652 primum
1097 2571 1351 2650 abrupte
1399 2571 1583 2630 nimis
1631 2570 1707 2630 ab
1748 2570 1870 2629 illis
1899 2571 2316 2630 controversiis
2347 2590 2653 2631 sacrorum
2683 2578 2746 2631 et

787 2674 1084 2753 pecuniae
1121 2674 1402 2734 transitus
1445 2673 1513 2731 fit
1543 2672 1633 2733 *ad
1677 2674 1949 2733 manium
1992 2671 2148 2734 iura.
2224 2673 2375 2733 Tum
2410 2674 2487 2732 ab
2520 2674 2743 2754 Inttpp.

790 2776 1023 2839 turbari
1075 2776 1316 2836 videtur
1368 2777 1434 2835 in
1480 2775 1551 2835 l).
1602 2775 1804 2837 Bruto.
1901 2777 2048 2836 Nam
2104 2777 2168 2836 in
2218 2776 2403 2837 Bruto
2436 2776 2551 2853 47,
2596 2778 2740 2854 175,

790 2878 901 2958 qui
949 2887 1318 2940 memoratur
1364 2878 1432 2939 D.
1484 2878 1737 2956 Brutus,
1796 2879 1847 2937 is
1897 2878 2114 2940 Consul
2164 2879 2284 2939 fuit
2325 2878 2401 2940 A.
2461 2880 2527 2940 Π.
2589 2880 2739 2956 676,

784 2980 1022 3060 ipsique
1073 2980 1347 3042 Ciceroni
1393 2982 1694 3060 cognitus:
1751 2990 1991 3058 contra,
2031 2983 2207 3042 cuius
2244 2981 2392 3043 ibid.
2428 2982 2546 3059 28,
2592 2983 2733 3058 107,

786 3084 1017 3146 mentio
1069 3084 1136 3144 fit
1158 3132 1177 3161 ,
1236 3085 1366 3145 eius
1410 3084 1754 3144 consulatus
1788 3105 1824 3145 a
1857 3084 2069 3163 Pighio
2102 3093 2269 3145 recte
2303 3084 2379 3145 ad
2414 3085 2489 3146 A.
2520 3086 2588 3147 11.
2625 3087 2736 3147 615

782 3185 1077 3263 refertum
1121 3193 1183 3245 et
1215 3179 1383 3246 h'unc
1416 3205 1540 3245 esse
1560 3232 1579 3259 ,
1617 3185 1791 3245 cuius
1830 3187 2059 3246 mentio
2103 3187 2169 3245 in
2202 3187 2320 3247 hac
2350 3186 2570 3248 lacuna
2600 3208 2736 3268 per-

783 3287 961 3365 ierit,
1028 3288 1326 3367 aptissime
1389 3287 1707 3348 conficitur
1771 3287 1950 3364 inde,
2022 3288 2188 3368 quod
2249 3288 2397 3351 ibid.
2464 3289 2737 3366 additur,

786 3402 857 3450 ut
907 3409 981 3449 ex
1008 3388 1325 3469 familiari
1362 3390 1492 3447 eius
1543 3389 1614 3448 L.
1657 3389 1827 3450 Anio
1860 3401 2039 3470 poeta
2084 3413 2214 3451 sum
2260 3393 2465 3452 audire
2513 3394 2734 3453 solitus.

786 3491 874 3551 De
935 3490 1136 3566 Attio,
1190 3509 1265 3550 an
1320 3489 1539 3567 Accio,
1601 3490 1937 3572 prudenter
1993 3495 2297 3554 annotavit
2361 3495 2617 3556 Orellius
2662 3495 2736 3554 ad

788 3592 958 3653 Brut.
998 3590 1109 3667 18,
1151 3592 1249 3652 72.
1330 3593 1480 3652 Tum
1514 3592 1678 3653 idem
1713 3594 1956 3655 fortasse
1987 3595 2417 3674 intelligendus
2447 3599 2531 3675 is,
2570 3600 2736 3658 cuius

785 3693 1166 3755 sedulitatem
1203 3693 1269 3752 in
1296 3695 1675 3756 retrahendis
1724 3698 2002 3759 obsoletis
2034 3710 2326 3762 memorat
2360 3701 2544 3764 Varro
2573 3704 2637 3764 L.
2672 3703 2731 3762 L.

782 3796 851 3860 V.
890 3817 953 3878 p.
999 3796 1094 3858 16.

868 3901 912 3984 §
951 3899 1049 3961 54.
1120 3911 1430 3982 parentare
1474 3904 1726 3982 pietatis
1775 3926 1895 3965 esse
1948 3905 2317 3987 adiunctum)
2405 3907 2492 3968 De
2526 3928 2732 3988 paren·

787 4005 965 4068 tando
1015 4003 1138 4064 vid.
1189 4003 1421 4084 Lipsius
1471 4004 1551 4066 ad
1596 4006 1776 4069 Tacit.
1819 4009 1975 4070 Ann.
2020 4009 2131 4086 vl,
2173 4013 2229 4071 5.
2271 4045 2351 4057 —
2386 4013 2617 4072 Pietati
2660 4031 2731 4071 ex

787 4110 937 4171 meis
975 4129 1097 4169 non
1138 4107 1252 4169 nisi
1286 4109 1490 4172 Ambr.
1526 4113 1584 4185 β.
1618 4119 1678 4170 et
1712 4112 1819 4174 Ed.
1854 4112 1924 4173 R.
1961 4113 2202 4175 habent.
2283 4114 2502 4177 Dubito
2534 4125 2731 4176 tamen
