3131 5032
1181 390 1325 456 Lm.
1368 388 1468 474 11,
1516 393 1592 473 3,
1640 395 1700 455 6.
2285 396 2416 463 469

438 619 604 681 quae
653 594 1028 679 praecedunt
1073 594 1327 677 quidem
1368 616 1491 657 esse
1535 595 1839 657 Ciceronis
1876 593 2027 656 mihi
2057 615 2405 678 persuasum

441 711 552 764 est.
634 700 835 782 Igitur
859 698 1262 781 explorandae
1289 698 1569 777 Madvigii
1596 699 1854 760 rationes
1876 709 2043 777 sunt,
2070 701 2406 764 Emendatt.

443 824 506 886 p.
528 805 628 868 61.
663 826 822 886 sqq„
863 804 973 884 qui
1007 802 1297 864 servanda
1332 810 1536 864 censet
1569 804 1751 879 haec,
1793 804 1931 863 dum
1957 806 2065 865 illa
2100 839 2183 855 -
2215 808 2411 866 conti-

442 921 674 970 neatur.
757 907 1109 984 Pueriliter,
1151 906 1377 967 omissis
1401 906 1498 966 his
1513 954 1532 983 ,
1564 905 1897 967 orationem
1926 907 2212 969 concludi
2241 907 2410 970 dicit.

441 1011 592 1073 nihi
624 1011 784 1072 nihil
813 1011 1050 1093 puerile
1081 1009 1191 1070 ista
1229 1010 1538 1072 conclusio
1572 1009 1885 1072 continere
1912 1010 2172 1072 videtur.
2253 1010 2370 1072 Sed
2389 1057 2409 1088 ‚

447 1115 683 1196 inquit,
723 1116 992 1175 breviter
1018 1115 1100 1175 ita
1122 1113 1469 1195 complexus
1494 1121 1583 1173 eet
1600 1159 1619 1190 ‚
1660 1121 1732 1172 ut
1755 1121 1818 1173 ct
1841 1133 1964 1173 esse
1993 1134 2127 1174 eam
2154 1115 2410 1194 patrium

441 1218 715 1294 doceret,
746 1227 809 1278 et
837 1226 1036 1280 tamen
1073 1216 1291 1277 cedere
1318 1215 1568 1276 alterius
1595 1214 1897 1294 dignitati.
1976 1215 2410 1294 concederem,

439 1321 562 1382 nisi
613 1322 804 1401 ipsam
858 1321 1027 1381 illam
1092 1319 1598 1399 comparationem
1664 1338 1843 1398 supra
1896 1319 2017 1379 iam
2072 1320 2414 1381 absolvisset

432 1425 570 1508 (sed
619 1446 848 1487 necesse
904 1435 989 1483 est
1041 1456 1123 1467 —
1172 1423 1365 1483 dulcis
1415 1433 1611 1482 autem
1661 1418 1789 1503 —-.)
1866 1420 2215 1498 Praeterea,
2257 1422 2413 1503 quid

434 1535 536 1589 est
591 1527 749 1588 illud
797 1526 965 1608 quod
1017 1525 1279 1601 dicitur,
1337 1525 1448 1584 illa
1486 1526 1695 1605 petria
1752 1526 1947 1584 maior
1998 1525 2124 1585 est?
2180 1527 2415 1601 Quaero

438 1631 769 1694 locutionis
820 1628 1166 1707 exemplum
1183 1653 1202 1704 3
1245 1647 1385 1687 nam
1427 1627 1595 1706 quod
1631 1648 1667 1688 e
1699 1626 1907 1688 Curtio
1941 1628 2161 1688 excitat
2192 1629 2416 1690 Turne·

433 1735 560 1795 bus
577 1780 596 1811 ‚
654 1734 833 1811 longe
882 1732 1351 1792 diversissimum
1402 1739 1509 1791 est.
1608 1731 1730 1791 Nec
1775 1731 1965 1811 magis
1995 1733 2377 1812 probandum
2397 1780 2417 1811 ‚

433 1837 600 1898 hanc
648 1836 926 1918 (naturae
979 1834 1263 1915 patriam)
1312 1837 1381 1894 in
1434 1834 1544 1894 illa
1601 1833 1778 1916 (iuris
1830 1834 2051 1915 patria)
2104 1837 2418 1899 contineri.

433 1937 608 2015 Quid
659 1939 826 1998 enim
873 1945 961 1998 est
1008 1936 1168 1997 illud
1220 1935 1561 1998 contineri?
1627 1935 1927 2015 Arpinum
1968 1936 2192 1999 Romae
2235 1940 2417 1999 situm

431 2044 613 2104 esse?
657 2041 811 2101 Fieri
841 2060 965 2100 non
989 2048 1203 2119 potest.
1285 2038 1645 2099 Continebat
1677 2057 1819 2099 sane
1849 2039 2176 2120 imperium
2201 2041 2415 2103 Roma·

433 2166 596 2207 num
626 2144 731 2205 illa
763 2143 1133 2221 municipia:
1163 2140 1270 2203 sed
1291 2142 1485 2221 patria
1501 2141 1691 2201 Roma
1716 2141 1843 2220 ipsa
1872 2142 2267 2223 intelligitur,
2295 2166 2419 2207 non

435 2248 774 2328 imperium
825 2253 933 2305 aut
982 2245 1156 2306 ditio.
1238 2243 1480 2304 Probari
1524 2250 1720 2323 posset
1754 2245 2051 2305 eiusmodi
2087 2248 2420 2324 sententia,

432 2370 573 2431 qua
619 2349 924 2410 diceretur
969 2347 1066 2430 (ut
1118 2366 1294 2426 saepe
1342 2346 1420 2406 ab
1469 2348 1789 2425 utriusque
1839 2348 2086 2426 linguae
2128 2350 2322 2428 poetis
2361 2361 2424 2412 et

440 2451 864 2534 scriptoribus)
902 2450 1255 2512 interiorem
1306 2449 1475 2509 illam
1525 2450 1837 2510 caritatem
1872 2452 2189 2531 municipii
2223 2455 2422 2513 conti-

438 2557 583 2620 neri
611 2556 859 2618 caritate
887 2556 1137 2617 alterius
1160 2553 1421 2633 patriae:
1454 2553 1587 2628 sed,
1616 2552 1783 2632 quod
1808 2552 2021 2614 eodem
2054 2556 2419 2634 pertineret,

435 2670 722 2743 posuerat
745 2679 947 2740 supra.
993 2658 1296 2719 Postremo
1313 2704 1333 2734 ,
1354 2659 1523 2717 illam
1537 2679 1660 2717 esse
1677 2660 1978 2734 maiorem,
2003 2667 2063 2719 et
2081 2660 2233 2721 hanc
2251 2663 2320 2720 in
2346 2682 2418 2722 ea

442 2766 773 2839 contineri,
814 2763 917 2824 vel
949 2762 1250 2840 tautologa
1276 2769 1447 2835 sunt,
1489 2760 1587 2820 vel
1621 2761 2056 2839 oppositionem
2090 2763 2417 2842 quamdam

438 2866 746 2941 efficiunt,
774 2878 960 2946 quam
986 2886 1065 2925 ne
1090 2863 1666 2945 perspicacissimum
1694 2862 1947 2942 quidem
1967 2884 2218 2925 cernere
2237 2875 2416 2946 puto;

443 2969 602 3030 adeo
656 2976 722 3028 ut
776 2968 881 3027 ista
927 2989 1092 3029 nunc
1143 2968 1356 3028 eodem
1392 2966 1675 3027 acumine
1709 2965 1874 3026 dicta
1908 2987 2032 3027 esse
2065 2968 2416 3047 videantur,

440 3093 521 3134 ac
547 3074 597 3133 si
628 3071 985 3152 scripsisset,
1018 3073 1158 3132 dum
1192 3073 1302 3132 illa
1335 3073 1418 3131 sit
1452 3070 1682 3145 maior,
1724 3070 1867 3130 liaeo
1896 3073 1979 3131 sit
2019 3073 2229 3133 minor.

1207 3266 1480 3336 CAPUT
1521 3267 1638 3334 111.

521 3483 565 3565 §
605 3485 663 3546 6.
747 3485 1003 3566 Magnus
1037 3484 1140 3543 itte
1174 3479 1393 3563 noster)
1475 3481 1728 3557 Quando
1770 3481 1959 3543 tribui
2005 3491 2289 3564 coeptum
2337 3488 2415 3547 sit

440 3589 562 3648 hoc
588 3608 919 3667 cognomen
938 3587 1253 3666 Pompeio,
1268 3586 1670 3648 eruditissime
1702 3586 1972 3666 explorat
1990 3596 2121 3667 post
2141 3589 2416 3669 Spanhe-

441 3692 637 3751 mium
677 3691 952 3750 Dukerus
992 3691 1071 3752 ad
1106 3691 1260 3751 Livii
1298 3691 1453 3771 Epit.
1496 3690 1665 3766 0111,
1700 3710 1886 3770 quem
1922 3693 2186 3769 ignorari
2223 3694 2410 3757 miror

438 3813 478 3854 a
531 3792 895 3871 mongaultio
943 3792 1020 3853 ad
1072 3793 1221 3873 Epp.
1275 3793 1353 3853 ad
1399 3793 1522 3854 Διὶ.
1572 3793 1667 3870 11,
1715 3793 1827 3869 13,
1867 3794 2186 3874 multoque
2225 3798 2414 3875 magis

439 3896 897 3975 inscriptionem
930 3896 1035 3974 Ep.
1075 3896 1135 3956 7.
1172 3896 1280 3956 lib.
1313 3895 1381 3957 V.
1419 3896 1498 3956 ad
1530 3896 1661 3957 mv.
1679 3941 1698 3971 ‚
1737 3916 1897 3975 quae
1925 3897 2035 3958 diu
2067 3906 2208 3958 ante
2232 3900 2410 3959 illum

437 3999 709 4080 Pompeii
747 4019 783 4059 e
819 3997 1220 4061 Mithridatico
1250 3999 1412 4061 bello
1437 3998 1818 4078 triumphum
1845 4001 2061 4078 scripta
2091 4009 2204 4061 est:
2249 4004 2407 4064 conf.

440 4104 581 4183 Leg.
617 4104 829 4182 Agrsr.
866 4102 966 4179 11,
1007 4100 1120 4182 20,
1161 4102 1260 4164 53.
1344 4102 1512 4164 Nihil
1542 4103 1770 4179 verius,
1803 4122 1987 4181 quam
2013 4104 2180 4183 quod
2206 4105 2408 4167 Livius
