3131 5032
1605 472 1743 546 116

701 687 845 754 122.
903 678 1143 751 Eadem
1179 681 1417 749 iterum
1447 677 1809 771 inscriptio:
1842 679 1913 745 in
1938 677 2103 760 fine,
2133 680 2358 745 multa
2389 678 2649 746 decant.

915 799 996 865 Et
1042 819 1119 864 ex
1167 795 1293 864 hoc
1337 793 1623 885 exempla
1671 792 1929 882 profero
1981 813 2241 874 eorum,
2287 818 2457 886 quae
2499 819 2659 866 nus-

922 931 1122 1002 quam
1169 907 1343 975 edita
1391 922 1576 975 sunt:
1635 909 1687 975 Ι.
1739 913 1775 995 ς
1827 911 1935 974 37
1970 904 2505 996 duxerintS43.
2539 912 2661 977 ula·

811 1020 1361 1090 ‘autemhmee
1408 1025 1595 1109 545.
1629 1019 2016 1108 panderunt.
2054 1025 2235 1108 511.
2269 1023 2657 1093 caeciderat.

911 1139 1062 1225 11.§
1093 1141 1158 1206 3.
1192 1136 1398 1201 leuius
1411 1135 1690 1224 fratria
1722 1132 1948 1202 omisso
1978 1137 2132 1201 mei.

700 1253 851 1318 124.
906 1262 976 1317 et

697 1366 850 1432 126.
907 1364 1113 1430 Tanta
1146 1375 1243 1430 est
1286 1361 1521 1430 horum
1569 1359 1883 1428 librorum
1930 1360 2292 1429 constantia
2325 1361 2397 1427 in
2426 1360 2656 1430 lectio÷

912 1473 1106 1541 nibus
1151 1473 1278 1540 iam
1328 1471 1592 1540 aliunde
1642 1471 1950 1563 cognitis,
1996 1484 2075 1539 ut
2106 1494 2328 1541 eorum
2361 1472 2657 1542 collatio-

915 1606 1066 1652 nem
1099 1583 1350 1650 duabus
1374 1581 1631 1649 vetustis
1656 1580 2061 1651 Editionibus
2093 1583 2317 1653 deberi
2346 1582 2654 1675 suspicer:

913 1718 1082 1787 quae
1121 1694 1252 1763 sint
1284 1716 1424 1777 eae,
1476 1694 1800 1762 affirmare
1848 1717 1983 1763 non
2012 1717 2299 1786 possum,
2346 1695 2657 1788 quoniam

914 1833 1050 1878 non
1083 1831 1302 1877 omnes
1335 1830 1643 1900 usurpare
1673 1806 1835 1874 mihi
1869 1807 2088 1876 licuit:
2122 1832 2160 1878 e
2190 1809 2410 1878 multis
2436 1824 2657 1878 tamen

910 1920 1162 1988 indiciis
1228 1919 1525 2011 colligam
1591 1943 1721 1988 esse
1793 1920 2139 1988 Parisinam
2202 1921 2486 1990 Turnebi
2506 1974 2527 2004 ‚
2587 1936 2658 1991 et

910 2032 1343 2101 Manutianam
1361 2082 1378 2113 ,
1423 2045 1540 2100 aut
1576 2055 1743 2123 quae
1774 2054 1850 2101 ex
1886 2031 2008 2101 illis
2037 2034 2385 2103 fluxerunt.

699 2152 848 2217 127.
949 2143 1171 2213 'Hunc
1231 2157 1457 2213 contra
1515 2144 1756 2214 librum
1820 2148 1926 2213 ΜΒ.
1986 2169 2116 2214 esse
2167 2170 2242 2215 ex
2287 2146 2362 2216 iis
2410 2145 2659 2217 indiciis

773 2262 776 2265 ’
910 2258 1141 2350 colligo
1158 2309 1177 2340 ,
1201 2257 1415 2348 qualia
1444 2256 1514 2324 in
1540 2258 1970 2350 superioribus
1997 2260 2362 2329 monstravi.
2386 2264 2469 2331 11.
2491 2268 2526 2351 §
2550 2265 2655 2330 12.

911 2370 1107 2439 verba
1153 2372 1330 2459 quod
1376 2395 1446 2437 eo
1494 2386 1721 2437 careat
1754 2393 1832 2441 eo
1869 2372 2068 2442 modo
2103 2386 2620 2466 transponuntur
2635 2425 2653 2457 ,

911 2506 1045 2576 quo
1092 2483 1164 2553 in
1212 2484 1369 2554 Cod.
1421 2488 1504 2556 M.
1549 2485 1728 2577 apud
1777 2488 2085 2555 Moserum
2107 2538 2124 2570 ,
2187 2487 2302 2556 sed
2353 2486 2424 2557 in
2477 2487 2656 2558 nulla

911 2598 1225 2667 editione:
1272 2596 1433 2669 ibid.
1475 2606 1511 2688 S
1557 2604 1663 2667 13.
1711 2605 2162 2668 asciscuntur.-
2205 2601 2365 2670 ibid.
2397 2606 2661 2670 micui-

911 2711 1389 2802 modifuerint
1408 2765 1425 2795 ,
1474 2726 1551 2780 ut
1582 2736 1619 2779 a
1648 2712 1867 2780 multis
1899 2714 2035 2782 aliis
2070 2715 2447 2784 abstineam.

783 2828 908 2894 Has
955 2826 1154 2917 igitur
1201 2825 1575 2895 collationes
1621 2826 1707 2895 sic
1739 2826 1948 2895 reddo
1967 2880 1984 2909 ,
2033 2842 2111 2896 ut
2149 2828 2401 2897 minuta
2439 2842 2659 2896 tamen

696 2937 1020 3031 negligam
1041 2990 1058 3021 ,
1104 2961 1224 3006 nec
1244 2989 1262 3019 ,
1311 2939 1490 3029 quod
1525 2938 1680 3006 fecit
1710 2939 2191 3030 [agomarsinus
2207 2992 2226 3023 ,
2256 2945 2325 3006 ei
2358 2946 2514 3029 quie
2538 2963 2662 3032 pro

692 3057 950 3140 aquic,
998 3064 1112 3119 aut
1145 3076 1385 3118 caussa
1419 3072 1539 3142 pro
1574 3076 1777 3117 cama
1794 3102 1811 3133 ,
1848 3065 1963 3121 aut
1985 3056 2240 3120 caelum
2266 3077 2386 3145 pro
2410 3057 2659 3121 coelum

696 3164 969 3233 inveniri
1035 3186 1407 3233 memorem.
1528 3167 1828 3233 Ceterum
1847 3216 1865 3246 ,
1938 3190 2097 3257 quas
2150 3166 2479 3237 Editiones
2529 3190 2663 3235 esse

696 3278 832 3368 ipse
868 3274 1178 3344 indicavit
1211 3276 1314 3367 (3.
1340 3273 1474 3364 49.)
1513 3288 1661 3343 tum
1694 3275 2178 3347 Lambinianam
2227 3279 2410 3371 (50),
2456 3278 2659 3350 omisi.

1351 3497 1674 3568 nnn-ionas
1717 3525 2004 3572 mnus.

699 3732 778 3797 R.
835 3728 945 3794 Est
976 3728 1267 3794 Romana
1300 3725 1600 3817 princeps
1631 3749 1690 3794 a.
1730 3731 1925 3796 1471.
1959 3729 2241 3822 (Lagom.
2272 3729 2366 3819 3).

704 3846 782 3913 V.
844 3844 1090 3911 Veneta
1158 3837 1337 3930 apud
1405 3838 1825 3909 Vindelinum
1907 3840 1992 3909 de
2055 3842 2270 3933 Spira,
2346 3865 2405 3911 a.
2466 3847 2661 3912 1471.

837 3956 1220 4043 Utramque,
1268 3965 1501 4043 utpote
1528 3975 1606 4022 ex
1633 3952 1973 4022 codicibus
2004 3954 2421 4049 descriptam,
2468 3979 2662 4025 accu-

837 4063 1149 4133 ratissime
1172 4063 1636 4133 conferendam
1663 4064 2008 4135 existimavi
2026 4117 2050 4150 ,
2075 4068 2254 4161 quod
2283 4093 2320 4140 a
2351 4068 2663 4141 recentis-

833 4175 1002 4246 simis
1033 4176 1402 4249 Editorihus
1434 4179 1802 4270 neglectum
1832 4194 1948 4252 est.
