3131 5032
535 3729 656 3783 111.

567 3801 660 3854 29.

1666 498 1757 576 52

787 732 790 733 *
835 712 1049 804 Quod
1087 728 1329 786 autem
1368 739 1454 786 ex
1492 713 1871 785 hominum
1908 734 2170 812 genere
2203 728 2692 807 consecratos,

736 835 921 905 sicut
956 836 1336 907 Herculem
1370 849 1440 907 et
1475 849 1782 924 ceterOS,
1819 834 1958 906 coli
1995 833 2107 906 lex
2146 832 2382 925 iubet,
2422 834 2693 908 indicat

738 956 1063 1023 omnium
1114 954 1407 1051 quidem
1455 958 1732 1027 animos
1777 953 2110 1025 mortales
2157 978 2344 1044 esse,
2392 953 2516 1026 sed
2548 954 2691 1026 for-

737 1074 920 1141 tium
1000 1072 1512 1171 bonorumque
1584 1073 1885 1144 divinos·
2000 1079 2190 1144 Bene
2250 1096 2425 1145 vero
2490 1074 2690 1171 quod

735 1194 971 1281 Mens,
1030 1196 1284 1281 Pietas,
1335 1197 1615 1283 Virtus,
1667 1192 1871 1264 Fides
1925 1205 2386 1264 consecratur
2435 1217 2690 1282 manu,

734 1335 1040 1407 quarum
1083 1315 1408 1383 omnium
1442 1318 1711 1384 Romae
1746 1309 2068 1383 dedicata
2105 1310 2394 1409 publice
2426 1311 2693 1410 templa

736 1445 937 1521 sunt,
994 1445 1078 1503 ut
1121 1431 1234 1504 illa
1283 1437 1408 1529 qui
1446 1432 1794 1521 habeant,
1829 1430 2128 1527 (habent
2164 1444 2403 1502 autem
2439 1454 2692 1503 omnes

734 1548 971 1647 boni,)
1009 1551 1182 1623 deos
1223 1556 1418 1651 ipsos
1448 1556 1519 1622 in
1549 1555 1805 1624 animis
1829 1554 1976 1622 suis
2001 1550 2386 1622 collocatos
2409 1564 2689 1649 putent.

731 1672 914 1741 Nam
953 1668 1129 1740 illud
1167 1675 1537 1758 vitiosum,
1587 1669 1884 1741 Athenis
1921 1666 2155 1765 quod,
2200 1666 2503 1764 Cylonio
2542 1693 2691 1742 sce·

733 1788 880 1860 lere
914 1792 1228 1886 expiato,
1265 1787 1684 1887 Epimenide
1714 1792 1922 1860 Crete
1956 1784 2329 1877 suadente,
2362 1785 2691 1859 fecerunt

733 1906 1222 1977 Contumeliae
1257 1922 1260 1925 ‘
1295 1903 1541 1976 fanum
1615 1918 1686 1976 et
1764 1903 2301 2004 Impudentiae:
2386 1909 2689 1979 virtutes

735 2029 959 2114 enim,
996 2049 1145 2095 non
1170 2028 1340 2097 vitia
1367 2030 1786 2097 consecrare
1809 2040 1832 2079 ¹
1871 2022 2106 2096 decet:
2138 2049 2406 2122 araque
2436 2039 2685 2098 vetus²

733 2159 841 2217 est
891 2149 965 2215 in
1021 2144 1287 2217 Palatio
1335 2145 1610 2237 Febris,
1678 2159 1750 2216 et
1802 2144 2022 2218 altera
2077 2145 2411 2243 Esquiliis
2462 2146 2691 2220 Malae

732 2271 1119 2355 Fortunae,
1140 2264 1636 2361 detestataque
1664 2269 1906 2338 omnia
1934 2263 2285 2337 eiusmodi
2310 2264 2692 2364 repudian-

732 2384 818 2457 da
871 2400 1059 2456 sunt.
1143 2385 1359 2475 Quod
1408 2389 1467 2456 si
1505 2383 1843 2483 fingenda
1886 2390 2214 2474 nomina,
2257 2388 2689 2484 Vicaepotae

729 2510 976 2606 potius
1033 2504 1419 2578 vincendi-⁹·
1483 2520 1704 2602 atque
1758 2504 2145 2604 potiundi⁴
2202 2504 2690 2596 Statasandiss,

733 2631 1309 2724 cognominaque
1336 2629 1635 2698 Statoris
1661 2639 1734 2697 et
1763 2629 2017 2696 Invicti
2050 2628 2264 2713 IoviS,
2295 2650 2693 2723 rerumque

731 2746 1293 2844 expetendarum
1350 2748 1682 2830 nomina,
1741 2743 2032 2834 SalutiS,
2080 2749 2435 2832 Honoris,
2478 2749 2722 2844 Opis,

728 2871 1107 2941 Victoriae.
1172 2869 1686 2962 Quoniamque
1719 2869 2253 2963 exspectatione
2286 2891 2525 2938 rerum
2559 2864 2693 2939 bo-

730 3013 991 3060 narum
1031 2991 1331 3084 erigitur
1378 2989 1691 3074 animus,
1729 2999 1921 3056 recte
1954 2988 2165 3057 etiam
2206 2990 2379 3082 Spes
2418 3009 2458 3057 a
2492 2986 2691 3060 Cala-

734 3111 890 3178 tino
940 3119 1350 3177 consecrata
1393 3118 1535 3177 est:
1587 3109 2050 3200 Fortunaque
2095 3107 2188 3175 sit
2231 3103 2342 3175 vel
2379 3108 2692 3179 Huiusce

732 3230 918 3313 Diei,
971 3225 1161 3320 (nam
1202 3223 1387 3295 valet
1427 3227 1501 3294 in
1543 3247 1796 3295 omnes
1834 3222 2047 3315 dies,)
2098 3223 2210 3295 vel
2246 3228 2690 3323 Respiciens,

726 3345 819 3417 ad
866 3368 1077 3443 opem
1121 3341 1520 3434 ferendam,
1576 3343 1689 3414 vel
1723 3349 1930 3432 Fors,
1984 3348 2057 3414 in
2099 3369 2250 3441 quo
2281 3347 2537 3419 incerti
2574 3371 2689 3421 ca·-

728 3489 850 3536 sus
908 3462 1406 3562 significantur
1462 3466 1723 3562 magis,
1791 3463 1903 3536 vel
1959 3467 2384 3562 Primigenia
2438 3491 2478 3539 a
2533 3470 2689 3564 gig-

728 3585 1002 3686 nendO,
1052 3589 1309 3656 Comes
1349 3597 1504 3654 tum

761 3737 764 3738 ⁷
825 3708 1190 3777 Feriarum
1234 3702 1735 3799 festor-umque
1772 3702 2056 3776 dierum
2102 3706 2287 3775 ratio
2327 3707 2401 3773 in
2439 3701 2685 3776 liberis

731 3828 1134 3923 requietem
1172 3823 1407 3894 litium
1443 3821 1666 3894 habet
1691 3838 1717 3876 θ
1764 3837 1837 3894 et
1871 3827 2304 3921 iurgiorum,
2353 3827 2430 3894 in
2463 3828 2685 3896 servis

785 4132 806 4168 ¹
837 4131 1143 4182 muscenti.
1205 4132 1228 4170 ²
1256 4150 1444 4203 araque
1471 4151 1604 4203 quae
1625 4136 1989 4187 vetustissima.
2055 4135 2079 4175 ⁸
2115 4131 2449 4210 [ducendij.
2503 4137 2527 4176 δ
2560 4130 2702 4208 [ρα-

709 4215 939 4283 tiuudi].
1015 4219 1038 4252 ¹
1072 4213 1242 4269 Statue
1286 4215 1540 4288 [mnan.
1612 4223 1637 4259 ⁸
1672 4218 1827 4270 lubet
1862 4219 2055 4272 litium.
