3131 5032
2332 517 2399 561 lx

425 696 763 769 instituere
812 695 1071 778 vellem,
1118 697 1622 788 d'mputationem
1668 697 1752 765 de
1794 690 2100 777 Codicum
2131 698 2392 788 generi-

422 812 544 880 bus
595 824 667 879 et
716 809 995 879 familiis.
1085 808 1261 893 Quid
1296 809 1471 879 enim
1505 809 1575 875 in
1607 830 1684 877 eo
1714 831 1984 900 genere,
2031 810 2213 899 quod
2243 810 2388 900 qui-

421 924 574 991 dem
604 923 818 990 fidem
852 921 1077 1001 faciat,
1124 920 1417 1010 explicui
1451 934 1695 1010 potest,
1745 920 1864 989 nisi
1893 921 2198 1011 cuiusque
2240 922 2389 991 libri

420 1034 714 1104 indolem
761 1033 1021 1123 penitus
1060 1032 1430 1124 cognoveris
1445 1036 1478 1099 ’ἰ
1568 1036 1688 1100 Fac
1723 1054 1988 1101 omnem
2018 1034 2393 1103 varietatem

418 1144 706 1225 Codicis,
778 1143 865 1211 ab
924 1141 1050 1212 alio
1112 1141 1328 1213 collati
1355 1193 1373 1222 ,
1438 1142 1783 1234 diligenter
1843 1158 2174 1213 enotatam
2241 1167 2393 1216 esse.

424 1259 567 1326 Non
638 1253 794 1323 satis
850 1268 965 1323 est.
1079 1253 1417 1324 Rarissime
1479 1254 1653 1322 enim
1713 1255 1955 1323 narrari
2010 1256 2171 1324 solet
2229 1256 2394 1346 quid

422 1366 710 1459 primae,
774 1379 852 1434 ut
898 1364 1176 1446 dicitur,
1237 1388 1503 1447 manus,
1564 1366 1728 1456 quid
1789 1368 2107 1437 secundae
2161 1368 2391 1450 fuerin

424 1501 763 1548 emmmne
808 1476 891 1545 sit
939 1477 1137 1566 quid,
1203 1477 1309 1545 cui
1354 1477 1533 1549 aliud
1576 1478 2113 1567 superinductum
2141 1480 2259 1560 sit,
2305 1503 2393 1547 an

428 1590 649 1659 omnia
677 1589 816 1656 sine
844 1588 1380 1658 lituracontinuo
1404 1589 1614 1678 picta3
1661 1589 1969 1658 literaene
1995 1604 2065 1658 et
2089 1591 2396 1660 vocabula

431 1701 609 1769 bene
652 1724 736 1767 an
776 1700 946 1768 male
989 1701 1213 1770 iuncta
1259 1700 1431 1782 sint,
1489 1702 1830 1792 multaque
1874 1701 2034 1782 alia,
2073 1704 2295 1793 ,qualia
2326 1727 2402 1773 ex

433 1817 510 1880 A.
547 1814 599 1877 B
624 1826 714 1880 -ct
755 1815 803 1879 C
847 1811 919 1879 in
961 1811 1265 1880 varietate
1310 1810 1603 1881 lectionis
1643 1832 1828 1901 saepe
1870 1814 2366 1882 commemoravi
2382 1866 2401 1896 ,

430 1946 728 2016 quaeque
761 1923 1028 1992 minime
1064 1923 1451 2015 negligenda
1481 1937 1646 2012 puto
1665 1974 1682 2005 ,
1728 1923 1780 1992 si
1811 1922 1955 2013 quis
1986 1945 2129 1993 vere
2158 1924 2398 1994 librum

430 2036 943 2126 mannscn'ptum
973 2035 1304 2106 aestimare
1338 2035 1508 2104 velit.

520 2150 651 2217 llos
716 2161 937 2214 auten
999 2148 1314 2217 librorum
1376 2149 1470 2216 De
1532 2147 1803 2240 Legibus
1861 2149 2121 2218 Codices
2181 2173 2403 2220 omnm

437 2261 685 2329 fluxisse
726 2282 803 2328 ex
851 2283 984 2330 uno
1032 2260 1390 2350 eodemque
1426 2272 1678 2328 vetusto
1720 2259 1889 2328 libro
1920 2273 1990 2328 et
2023 2262 2291 2343 mutilo,
2335 2279 2407 2332 et

439 2373 565 2442 ism
627 2372 961 2464 insigniter
1029 2384 1374 2462 corrupto,
1435 2372 1622 2440 facile
1674 2372 2059 2464 intelligitur
2116 2373 2281 2442 illud
2331 2398 2406 2443 ex

442 2486 603 2555 mira
659 2484 1132 2575 conspiratione
1181 2484 1251 2552 in
1306 2484 1602 2565 lacunis„
1648 2508 1807 2577 quas
1854 2507 2076 2555 omnes
2121 2486 2402 2570 hahent,

440 2600 529 2668 ita
588 2611 669 2666 ut
730 2596 1041 2666 indicium
1098 2597 1293 2666 etiam
1350 2578 1615 2686 periei-it
1672 2597 2020 2687 quicquam
2073 2599 2209 2667 istis
2258 2600 2409 2669 1001,

444 2710 823 2790 desiderari,
884 2711 1008 2778 hoc
1056 2732 1133 2777 ex
1183 2709 1484 2777 monstris
1533 2707 1922 2787 lectionum,
1969 2732 2134 2799 quae
2176 2712 2409 2800 optimi

440 2821 685 2912 quique
735 2836 803 2889 et
852 2821 1252 2889 vetustissimi
1311 2821 1461 2888 libri
1510 2833 1764 2887 servant
1783 2870 1800 2899 ‚
1863 2821 2054 2909 quale
2099 2836 2195 2889 est
2241 2823 2407 2892 illud

440 2936 702 3022 capulli
731 2937 975 3021 optimi
1016 2935 1110 3023 (1,
1160 2938 1230 3014 7,
1281 2937 1394 3020 21)
1429 2946 1499 2999 et
1530 2931 2021 3020 symfrantidee
2058 2934 2172 3022 (11,
2223 2939 2295 3013 2,
2337 2935 2403 3023 5)

446 3060 588 3116 tum
636 3045 932 3114 notabilis
973 3044 1078 3113 illa
1117 3043 1447 3134 corruptio
1487 3042 1791 3134 longioris
1829 3042 1950 3111 loci
1992 3045 2080 3133 (1,
2124 3049 2228 3125 17,
2271 3047 2404 3134 46.)

441 3160 522 3226 Et
552 3172 776 3226 tamen
807 3179 879 3224 ea
904 3169 1002 3224 est
1029 3156 1341 3224 librorum
1360 3207 1376 3236 ,
1421 3177 1588 3245 quos
1613 3154 1951 3235 habemus,
1989 3155 2161 3224 inter
2187 3178 2254 3225 se
2281 3157 2408 3225 dis-

437 3269 827 3349 similitudo,
876 3281 952 3336 ut
1000 3290 1134 3335 non
1185 3289 1262 3335 ex
1309 3290 1443 3335 uno
1485 3266 1840 3357 archetypo
1860 3318 1878 3346 ,
1936 3267 2050 3334 sed
2094 3288 2170 3335 ex
2218 3268 2409 3338 huius

431 3380 696 3449 diversis
743 3379 1125 3472 apographis
1174 3378 1476 3468 descripti
1527 3377 1721 3447 fixisse
1768 3377 2143 3461 videantur,
2205 3381 2409 3470 magis

436 3493 505 3561 hi
554 3492 824 3584 quidem
875 3492 1158 3581 ipsorum
1206 3490 1459 3570 indole,
1523 3512 1722 3580 quam
1767 3504 1977 3558 aetate
2005 3490 2405 3561 aestimandi.

435 3607 520 3673 Bt
550 3604 712 3672 mihi
745 3602 1013 3694 quidem
1054 3602 1275 3671 sedulo
1306 3603 1457 3681 has,
1504 3624 1674 3692 quae
1701 3601 2205 3692 suppeditabant
2226 3649 2243 3683 ,
2287 3626 2408 3673 co-

438 3718 575 3808 pias
628 3714 1006 3806 usurpanti,
1068 3715 1283 3804 potior
1338 3714 1576 3782 familia
1638 3714 1763 3781 visa
1810 3727 1905 3781 est
1965 3713 2144 3781 cuius
2200 3731 2410 3785 essent

438 3828 510 3896 hi
551 3827 741 3908 libri,
784 3828 875 3906 A,
921 3829 1001 3906 B,
1048 3828 1128 3907 E,
1183 3832 1288 3894 11.
1335 3830 1443 3894 65.
1493 3840 1563 3893 et
1601 3829 1798 3916 Gopp.
1848 3825 2084 3896 Victor.
2127 3825 2195 3893 b.
2229 3828 2406 3917 apud

436 3944 771 4010 nosen-um.
880 3941 969 4005 Ex
1012 3938 1111 4006 his
1158 3939 1531 4009 Vossianum
1584 3941 1639 4003 A
1681 3937 1818 4005 fere
1868 3937 2104 4004 ducem
2151 3953 2407 4007 secutus

436 4076 574 4121 sum
623 4052 689 4119 in
736 4050 1029 4120 oratione
1074 4050 1531 4131 describenda,
1577 4049 1646 4116 in
1681 4071 1816 4139 quo
1854 4049 2015 4117 nihil
2048 4066 2401 4130 mutarem,

439 4165 557 4235 nisi
596 4163 781 4254 quod
814 4162 1078 4232 aliunde
1113 4163 1378 4234 allatum
1412 4163 1626 4252 potius
1667 4161 1826 4230 mihi
1863 4162 2218 4244 viden-etum
2267 4187 2406 4231 cor-
