<?xml version="1.0" encoding="UTF-8"?>
<!DOCTYPE html PUBLIC "-//W3C//DTD XHTML 1.0 Transitional//EN"
    "http://www.w3.org/TR/xhtml1/DTD/xhtml1-transitional.dtd">
<html xmlns="http://www.w3.org/1999/xhtml" xml:lang="en" lang="en">
 <head>
  <title>
</title>
<meta http-equiv="Content-Type" content="text/html;charset=utf-8" />
  <meta name='ocr-system' content='tesseract 3.04.00' />
  <meta name='ocr-capabilities' content='ocr_page ocr_carea ocr_par ocr_line ocrx_word'/>
</head>
<body>
  <div class='ocr_page' id='page_1' title='image "./mtulliiciceroni02bakegoog_0673.png"; bbox 0 0 3131 5032; ppageno 0'>
   <div class='ocr_carea' id='block_1_1' title="bbox 759 371 2133 492">
    <p class='ocr_par' dir='ltr' id='par_1_1' title="bbox 759 371 2133 492">
     <span class='ocr_line' id='line_1_1' title="bbox 759 371 2133 492; baseline -0.004 -14"><span class='ocrx_word' id='word_1_1' title='bbox 759 371 762 374; x_wconf 43' lang='grc'><em>“</em></span> <span class='ocrx_word' id='word_1_2' title='bbox 854 415 983 479; x_wconf 79' lang='lat'><strong>604</strong></span> <span class='ocrx_word' id='word_1_3' title='bbox 1521 411 1663 477; x_wconf 74' lang='lat' dir='ltr'><strong>Lm.</strong></span> <span class='ocrx_word' id='word_1_4' title='bbox 1710 407 1842 492; x_wconf 86' lang='lat'><strong>111,</strong></span> <span class='ocrx_word' id='word_1_5' title='bbox 1891 410 1966 491; x_wconf 83' lang='lat' dir='ltr'><strong>s,</strong></span> <span class='ocrx_word' id='word_1_6' title='bbox 2023 409 2133 474; x_wconf 52' lang='grc' dir='ltr'><strong>ιε.Κ</strong></span> 
     </span>
    </p>
   </div>
   <div class='ocr_carea' id='block_1_2' title="bbox 845 610 2814 1111">
    <p class='ocr_par' dir='ltr' id='par_1_2' title="bbox 845 610 2814 1111">
     <span class='ocr_line' id='line_1_2' title="bbox 846 610 2814 694; baseline -0.003 -14"><span class='ocrx_word' id='word_1_7' title='bbox 846 618 1156 680; x_wconf 87' lang='lat' dir='ltr'><strong>mentione</strong></span> <span class='ocrx_word' id='word_1_8' title='bbox 1203 615 1649 688; x_wconf 75' lang='lat' dir='ltr'><strong>conficiendum</strong></span> <span class='ocrx_word' id='word_1_9' title='bbox 1694 621 1846 694; x_wconf 81' lang='lat' dir='ltr'><strong>puto</strong></span> <span class='ocrx_word' id='word_1_10' title='bbox 1894 613 2106 676; x_wconf 83' lang='lat' dir='ltr'><strong>eadem</strong></span> <span class='ocrx_word' id='word_1_11' title='bbox 2147 613 2285 693; x_wconf 68' lang='lat' dir='ltr'><strong>leg&#39;e</strong></span> <span class='ocrx_word' id='word_1_12' title='bbox 2315 610 2478 673; x_wconf 82' lang='lat' dir='ltr'><strong>Iulia</strong></span> <span class='ocrx_word' id='word_1_13' title='bbox 2493 657 2512 687; x_wconf 92' lang='lat'><strong>,</strong></span> <span class='ocrx_word' id='word_1_14' title='bbox 2551 620 2814 692; x_wconf 83' lang='lat' dir='ltr'><strong>quatuor</strong></span> 
     </span>
     <span class='ocr_line' id='line_1_3' title="bbox 847 714 2812 801; baseline -0.003 -20"><span class='ocrx_word' id='word_1_15' title='bbox 847 722 1021 782; x_wconf 87' lang='lat' dir='ltr'><strong>annis</strong></span> <span class='ocrx_word' id='word_1_16' title='bbox 1067 729 1198 801; x_wconf 87' lang='lat' dir='ltr'><strong>post</strong></span> <span class='ocrx_word' id='word_1_17' title='bbox 1216 766 1235 796; x_wconf 94' lang='lat'><strong>,</strong></span> <span class='ocrx_word' id='word_1_18' title='bbox 1293 720 1474 781; x_wconf 80' lang='lat' dir='ltr'><strong>fuisse</strong></span> <span class='ocrx_word' id='word_1_19' title='bbox 1522 718 1905 786; x_wconf 81' lang='lat' dir='ltr'><strong>confirmata:</strong></span> <span class='ocrx_word' id='word_1_20' title='bbox 1947 717 2108 778; x_wconf 82' lang='lat' dir='ltr'><strong>conf.</strong></span> <span class='ocrx_word' id='word_1_21' title='bbox 2144 717 2223 778; x_wconf 88' lang='lat' dir='ltr'><strong>ad</strong></span> <span class='ocrx_word' id='word_1_22' title='bbox 2257 716 2382 777; x_wconf 85' lang='lat' dir='ltr'><strong>Att.</strong></span> <span class='ocrx_word' id='word_1_23' title='bbox 2414 714 2514 775; x_wconf 79' lang='lat' dir='ltr'><strong>XV</strong></span> <span class='ocrx_word' id='word_1_24' title='bbox 2531 761 2552 792; x_wconf 93' lang='lat'><strong>,</strong></span> <span class='ocrx_word' id='word_1_25' title='bbox 2598 715 2664 774; x_wconf 89' lang='lat'><strong>11</strong></span> <span class='ocrx_word' id='word_1_26' title='bbox 2686 760 2707 791; x_wconf 91' lang='lat'><strong>,</strong></span> <span class='ocrx_word' id='word_1_27' title='bbox 2752 714 2812 776; x_wconf 79' lang='lat'><strong>4.</strong></span> 
     </span>
     <span class='ocr_line' id='line_1_4' title="bbox 845 817 2813 902; baseline -0.003 -18"><span class='ocrx_word' id='word_1_28' title='bbox 845 824 934 884; x_wconf 84' lang='lat' dir='ltr'><strong>De</strong></span> <span class='ocrx_word' id='word_1_29' title='bbox 981 823 1437 902; x_wconf 87' lang='lat' dir='ltr'><strong>circumscripto</strong></span> <span class='ocrx_word' id='word_1_30' title='bbox 1470 842 1582 900; x_wconf 89' lang='lat' dir='ltr'><strong>per</strong></span> <span class='ocrx_word' id='word_1_31' title='bbox 1624 822 1964 899; x_wconf 80' lang='lat' dir='ltr'><strong>Augustum</strong></span> <span class='ocrx_word' id='word_1_32' title='bbox 1998 821 2265 899; x_wconf 86' lang='lat' dir='ltr'><strong>aliosque</strong></span> <span class='ocrx_word' id='word_1_33' title='bbox 2296 817 2606 897; x_wconf 78' lang='lat' dir='ltr'><strong>Principes</strong></span> <span class='ocrx_word' id='word_1_34' title='bbox 2635 817 2813 878; x_wconf 80' lang='lat' dir='ltr'><strong>Sena-</strong></span> 
     </span>
     <span class='ocr_line' id='line_1_5' title="bbox 847 920 2732 1003; baseline -0.004 -15"><span class='ocrx_word' id='word_1_35' title='bbox 847 936 1046 988; x_wconf 87' lang='lat' dir='ltr'><strong>torum</strong></span> <span class='ocrx_word' id='word_1_36' title='bbox 1080 935 1455 1002; x_wconf 79' lang='lat' dir='ltr'><strong>commeatu,</strong></span> <span class='ocrx_word' id='word_1_37' title='bbox 1496 924 1620 985; x_wconf 82' lang='lat' dir='ltr'><strong>vid.</strong></span> <span class='ocrx_word' id='word_1_38' title='bbox 1652 924 1885 1003; x_wconf 75' lang='lat' dir='ltr'>Lipsius</span> <span class='ocrx_word' id='word_1_39' title='bbox 1918 923 1996 984; x_wconf 86' lang='lat' dir='ltr'><strong>ad</strong></span> <span class='ocrx_word' id='word_1_40' title='bbox 2028 924 2210 983; x_wconf 87' lang='lat' dir='ltr'><strong>Tacit.</strong></span> <span class='ocrx_word' id='word_1_41' title='bbox 2243 921 2404 982; x_wconf 86' lang='lat' dir='ltr'><strong>Anu.</strong></span> <span class='ocrx_word' id='word_1_42' title='bbox 2441 920 2591 994; x_wconf 85' lang='lat' dir='ltr'><strong>XII,</strong></span> <span class='ocrx_word' id='word_1_43' title='bbox 2630 920 2732 980; x_wconf 81' lang='lat'><strong>23.</strong></span> 
     </span>
     <span class='ocr_line' id='line_1_6' title="bbox 929 1009 2809 1111; baseline -0.004 -20"><span class='ocrx_word' id='word_1_44' title='bbox 929 1009 1285 1111; x_wconf 64' lang='lat' dir='ltr'><strong>quemquam</strong></span> <span class='ocrx_word' id='word_1_45' title='bbox 1333 1031 1413 1089; x_wconf 78' lang='lat' dir='ltr'><strong>ad</strong></span> <span class='ocrx_word' id='word_1_46' title='bbox 1460 1028 1821 1094; x_wconf 67' lang='lat' dir='ltr'><strong>commodum</strong></span> <span class='ocrx_word' id='word_1_47' title='bbox 1871 1059 1952 1074; x_wconf 91' lang='lat'><em>-</em></span> <span class='ocrx_word' id='word_1_48' title='bbox 2006 1022 2337 1104; x_wconf 70' lang='lat' dir='ltr'><strong>videbatur)</strong></span> <span class='ocrx_word' id='word_1_49' title='bbox 2433 1023 2607 1099; x_wconf 86' lang='lat' dir='ltr'><strong>Quod</strong></span> <span class='ocrx_word' id='word_1_50' title='bbox 2668 1023 2809 1083; x_wconf 83' lang='lat' dir='ltr'><strong>Ern.</strong></span> 
     </span>
    </p>
   </div>
   <div class='ocr_carea' id='block_1_3' title="bbox 845 1125 2812 1305">
    <p class='ocr_par' dir='ltr' id='par_1_3' title="bbox 845 1125 2812 1305">
     <span class='ocr_line' id='line_1_7' title="bbox 846 1125 2812 1210; baseline -0.003 -19"><span class='ocrx_word' id='word_1_51' title='bbox 846 1131 1173 1210; x_wconf 77' lang='lat' dir='ltr'><strong>legendum</strong></span> <span class='ocrx_word' id='word_1_52' title='bbox 1209 1129 1492 1210; x_wconf 85' lang='lat' dir='ltr'><strong>putabat,</strong></span> <span class='ocrx_word' id='word_1_53' title='bbox 1525 1128 1593 1186; x_wconf 95' lang='lat' dir='ltr'><strong>id</strong></span> <span class='ocrx_word' id='word_1_54' title='bbox 1618 1128 1849 1187; x_wconf 86' lang='lat' dir='ltr'><strong>habent</strong></span> <span class='ocrx_word' id='word_1_55' title='bbox 1882 1127 2004 1187; x_wconf 89' lang='lat' dir='ltr'><strong>mei</strong></span> <span class='ocrx_word' id='word_1_56' title='bbox 2033 1127 2073 1186; x_wconf 91' lang='lat' dir='ltr'>C</span> <span class='ocrx_word' id='word_1_57' title='bbox 2103 1134 2166 1186; x_wconf 89' lang='lat' dir='ltr'><strong>et</strong></span> <span class='ocrx_word' id='word_1_58' title='bbox 2193 1127 2431 1204; x_wconf 79' lang='lat' dir='ltr'><strong>Lagom.</strong></span> <span class='ocrx_word' id='word_1_59' title='bbox 2466 1125 2570 1200; x_wconf 87' lang='lat'><strong>10,</strong></span> <span class='ocrx_word' id='word_1_60' title='bbox 2602 1132 2812 1205; x_wconf 76' lang='lat' dir='ltr'><strong>estque</strong></span> 
     </span>
     <span class='ocr_line' id='line_1_8' title="bbox 845 1226 2808 1305; baseline -0.003 -14"><span class='ocrx_word' id='word_1_61' title='bbox 845 1234 929 1293; x_wconf 83' lang='lat' dir='ltr'><strong>ita</strong></span> <span class='ocrx_word' id='word_1_62' title='bbox 975 1232 1380 1305; x_wconf 82' lang='lat' dir='ltr'><strong>verissimum,</strong></span> <span class='ocrx_word' id='word_1_63' title='bbox 1438 1237 1510 1288; x_wconf 88' lang='lat' dir='ltr'><strong>ut</strong></span> <span class='ocrx_word' id='word_1_64' title='bbox 1558 1228 1847 1304; x_wconf 84' lang='lat' dir='ltr'><strong>alterum,</strong></span> <span class='ocrx_word' id='word_1_65' title='bbox 1902 1229 2250 1304; x_wconf 72' lang='lat' dir='ltr'><strong>videantur,</strong></span> <span class='ocrx_word' id='word_1_66' title='bbox 2288 1228 2597 1294; x_wconf 85' lang='lat' dir='ltr'><strong>soloecum</strong></span> <span class='ocrx_word' id='word_1_67' title='bbox 2627 1226 2808 1286; x_wconf 87' lang='lat' dir='ltr'><strong>etiam</strong></span> 
     </span>
    </p>
   </div>
   <div class='ocr_carea' id='block_1_4' title="bbox 779 1328 2807 4171">
    <p class='ocr_par' dir='ltr' id='par_1_4' title="bbox 779 1328 2807 4171">
     <span class='ocr_line' id='line_1_9' title="bbox 848 1328 2807 1411; baseline -0.003 -18"><span class='ocrx_word' id='word_1_68' title='bbox 848 1335 942 1394; x_wconf 88' lang='lat' dir='ltr'><strong>sit.</strong></span> <span class='ocrx_word' id='word_1_69' title='bbox 1021 1332 1239 1411; x_wconf 76' lang='lat' dir='ltr'><strong>Attigit</strong></span> <span class='ocrx_word' id='word_1_70' title='bbox 1288 1349 1562 1393; x_wconf 84' lang='lat' dir='ltr'><strong>normam</strong></span> <span class='ocrx_word' id='word_1_71' title='bbox 1614 1329 1692 1390; x_wconf 88' lang='lat' dir='ltr'><strong>de</strong></span> <span class='ocrx_word' id='word_1_72' title='bbox 1740 1329 2136 1391; x_wconf 86' lang='lat' dir='ltr'><strong>Coniunctivo</strong></span> <span class='ocrx_word' id='word_1_73' title='bbox 2185 1349 2261 1389; x_wconf 89' lang='lat' dir='ltr'><strong>an</strong></span> <span class='ocrx_word' id='word_1_74' title='bbox 2311 1328 2650 1389; x_wconf 82' lang='lat' dir='ltr'><strong>Indicativo</strong></span> <span class='ocrx_word' id='word_1_75' title='bbox 2680 1337 2807 1408; x_wconf 89' lang='lat' dir='ltr'><strong>post</strong></span> 
     </span>
     <span class='ocr_line' id='line_1_10' title="bbox 845 1430 2805 1515; baseline -0.002 -20"><span class='ocrx_word' id='word_1_76' title='bbox 845 1455 1201 1515; x_wconf 77' lang='lat' dir='ltr'><strong>quamquam</strong></span> <span class='ocrx_word' id='word_1_77' title='bbox 1218 1479 1236 1510; x_wconf 89' lang='lat'><strong>,</strong></span> <span class='ocrx_word' id='word_1_78' title='bbox 1280 1453 1400 1493; x_wconf 90' lang='lat' dir='ltr'><strong>non</strong></span> <span class='ocrx_word' id='word_1_79' title='bbox 1437 1432 1732 1511; x_wconf 80' lang='lat' dir='ltr'>explicuit</span> <span class='ocrx_word' id='word_1_80' title='bbox 1765 1431 2099 1511; x_wconf 73' lang='lat' dir='ltr'><strong>Madvigius</strong></span> <span class='ocrx_word' id='word_1_81' title='bbox 2128 1430 2207 1491; x_wconf 89' lang='lat' dir='ltr'><strong>ad</strong></span> <span class='ocrx_word' id='word_1_82' title='bbox 2238 1430 2365 1492; x_wconf 77' lang='lat' dir='ltr'><strong>rin.</strong></span> <span class='ocrx_word' id='word_1_83' title='bbox 2403 1430 2528 1506; x_wconf 87' lang='lat'><strong>111,</strong></span> <span class='ocrx_word' id='word_1_84' title='bbox 2557 1430 2667 1505; x_wconf 91' lang='lat'><strong>21,</strong></span> <span class='ocrx_word' id='word_1_85' title='bbox 2697 1430 2805 1504; x_wconf 83' lang='grc'><strong>70,</strong></span> 
     </span>
     <span class='ocr_line' id='line_1_11' title="bbox 848 1533 2806 1615; baseline -0.003 -18"><span class='ocrx_word' id='word_1_86' title='bbox 848 1536 927 1597; x_wconf 90' lang='lat' dir='ltr'><strong>de</strong></span> <span class='ocrx_word' id='word_1_87' title='bbox 970 1538 1087 1598; x_wconf 91' lang='lat' dir='ltr'><strong>hoc</strong></span> <span class='ocrx_word' id='word_1_88' title='bbox 1133 1536 1267 1597; x_wconf 86' lang='lat' dir='ltr'><strong>loco</strong></span> <span class='ocrx_word' id='word_1_89' title='bbox 1304 1543 1537 1611; x_wconf 87' lang='lat' dir='ltr'><strong>tamen,</strong></span> <span class='ocrx_word' id='word_1_90' title='bbox 1578 1554 1763 1615; x_wconf 85' lang='lat' dir='ltr'><strong>quem</strong></span> <span class='ocrx_word' id='word_1_91' title='bbox 1801 1535 1867 1593; x_wconf 89' lang='lat' dir='ltr'><strong>in</strong></span> <span class='ocrx_word' id='word_1_92' title='bbox 1901 1534 2181 1594; x_wconf 87' lang='lat' dir='ltr'><strong>manibus</strong></span> <span class='ocrx_word' id='word_1_93' title='bbox 2213 1533 2541 1608; x_wconf 86' lang='lat' dir='ltr'><strong>habemus,</strong></span> <span class='ocrx_word' id='word_1_94' title='bbox 2585 1534 2806 1613; x_wconf 76' lang='lat' dir='ltr'><strong>pariter</strong></span> 
     </span>
     <span class='ocr_line' id='line_1_12' title="bbox 846 1635 2802 1716; baseline -0.004 -15"><span class='ocrx_word' id='word_1_95' title='bbox 846 1649 918 1701; x_wconf 89' lang='lat' dir='ltr'><strong>ut</strong></span> <span class='ocrx_word' id='word_1_96' title='bbox 965 1639 1459 1716; x_wconf 80' lang='lat' dir='ltr'><strong>Wesenbergius,</strong></span> <span class='ocrx_word' id='word_1_97' title='bbox 1515 1637 1647 1697; x_wconf 88' lang='lat' dir='ltr'><strong>sine</strong></span> <span class='ocrx_word' id='word_1_98' title='bbox 1698 1637 2076 1698; x_wconf 77' lang='lat' dir='ltr'><strong>dubitatione</strong></span> <span class='ocrx_word' id='word_1_99' title='bbox 2126 1635 2464 1697; x_wconf 83' lang='lat' dir='ltr'><strong>seeundum</strong></span> <span class='ocrx_word' id='word_1_100' title='bbox 2493 1635 2802 1695; x_wconf 84' lang='lat' dir='ltr'><strong>Ernestum</strong></span> 
     </span>
     <span class='ocr_line' id='line_1_13' title="bbox 844 1736 2800 1821; baseline -0.003 -20"><span class='ocrx_word' id='word_1_101' title='bbox 844 1740 1287 1821; x_wconf 79' lang='lat' dir='ltr'><strong>pronuncians,</strong></span> <span class='ocrx_word' id='word_1_102' title='bbox 1345 1737 1494 1798; x_wconf 88' lang='lat' dir='ltr'><strong>ibid.</strong></span> <span class='ocrx_word' id='word_1_103' title='bbox 1548 1738 1628 1798; x_wconf 88' lang='lat' dir='ltr'><strong>ad</strong></span> <span class='ocrx_word' id='word_1_104' title='bbox 1675 1736 1784 1814; x_wconf 80' lang='lat' dir='ltr'><strong>lv,</strong></span> <span class='ocrx_word' id='word_1_105' title='bbox 1846 1737 1959 1814; x_wconf 88' lang='lat'><strong>10,</strong></span> <span class='ocrx_word' id='word_1_106' title='bbox 2011 1737 2111 1798; x_wconf 88' lang='grc'><strong>26.</strong></span> <span class='ocrx_word' id='word_1_107' title='bbox 2162 1738 2296 1797; x_wconf 90' lang='lat' dir='ltr'><strong>init.</strong></span> <span class='ocrx_word' id='word_1_108' title='bbox 2394 1737 2610 1797; x_wconf 75' lang='lat' dir='ltr'><strong>Mirum</strong></span> <span class='ocrx_word' id='word_1_109' title='bbox 2659 1736 2800 1816; x_wconf 84' lang='lat' dir='ltr'><strong>quid</strong></span> 
     </span>
     <span class='ocr_line' id='line_1_14' title="bbox 779 1829 2803 1920; baseline -0.002 -17"><span class='ocrx_word' id='word_1_110' title='bbox 779 1829 789 1837; x_wconf 46' lang='lat'>⁸</span> <span class='ocrx_word' id='word_1_111' title='bbox 844 1842 1218 1920; x_wconf 73' lang='lat' dir='ltr'><strong>excogitabat</strong></span> <span class='ocrx_word' id='word_1_112' title='bbox 1263 1840 1661 1915; x_wconf 78' lang='lat' dir='ltr'><strong>Goerenzius,</strong></span> <span class='ocrx_word' id='word_1_113' title='bbox 1721 1859 1913 1919; x_wconf 85' lang='lat' dir='ltr'><strong>quum</strong></span> <span class='ocrx_word' id='word_1_114' title='bbox 1963 1839 2226 1916; x_wconf 89' lang='lat' dir='ltr'><strong>diceret,</strong></span> <span class='ocrx_word' id='word_1_115' title='bbox 2269 1865 2299 1898; x_wconf 70' lang='grc' dir='ltr'><strong>ιι</strong></span> <span class='ocrx_word' id='word_1_116' title='bbox 2318 1859 2653 1901; x_wconf 87' lang='lat' dir='ltr'><strong>sermonem</strong></span> <span class='ocrx_word' id='word_1_117' title='bbox 2686 1859 2803 1899; x_wconf 81' lang='lat' dir='ltr'><strong>esse</strong></span> 
     </span>
     <span class='ocr_line' id='line_1_15' title="bbox 847 1942 2802 2022; baseline 0.001 -19"><span class='ocrx_word' id='word_1_118' title='bbox 847 1944 979 2005; x_wconf 78' lang='lat' dir='ltr'><strong>»de</strong></span> <span class='ocrx_word' id='word_1_119' title='bbox 1014 1964 1124 2020; x_wconf 90' lang='lat' dir='ltr'><strong>eo,</strong></span> <span class='ocrx_word' id='word_1_120' title='bbox 1166 1942 1328 2022; x_wconf 86' lang='lat' dir='ltr'><strong>quod</strong></span> <span class='ocrx_word' id='word_1_121' title='bbox 1371 1944 1622 2003; x_wconf 89' lang='lat' dir='ltr'><strong>omnino</strong></span> <span class='ocrx_word' id='word_1_122' title='bbox 1665 1943 1732 2002; x_wconf 90' lang='lat' dir='ltr'><strong>in</strong></span> <span class='ocrx_word' id='word_1_123' title='bbox 1776 1943 2063 2003; x_wconf 85' lang='lat' dir='ltr'><strong>senatoris</strong></span> <span class='ocrx_word' id='word_1_124' title='bbox 2091 1942 2422 2004; x_wconf 85' lang='lat' dir='ltr'><strong>commodis</strong></span> <span class='ocrx_word' id='word_1_125' title='bbox 2457 1942 2802 2004; x_wconf 84' lang='lat' dir='ltr'><strong>numeraba-</strong></span> 
     </span>
     <span class='ocr_line' id='line_1_16' title="bbox 844 2042 2799 2125; baseline -0.001 -19"><span class='ocrx_word' id='word_1_126' title='bbox 844 2055 1032 2122; x_wconf 78' lang='lat' dir='ltr'><strong>»tur,</strong></span> <span class='ocrx_word' id='word_1_127' title='bbox 1088 2064 1214 2105; x_wconf 87' lang='lat' dir='ltr'><strong>non</strong></span> <span class='ocrx_word' id='word_1_128' title='bbox 1264 2042 1344 2103; x_wconf 89' lang='lat' dir='ltr'><strong>de</strong></span> <span class='ocrx_word' id='word_1_129' title='bbox 1390 2044 1744 2120; x_wconf 86' lang='lat' dir='ltr'><strong>commodo,</strong></span> <span class='ocrx_word' id='word_1_130' title='bbox 1801 2045 1969 2124; x_wconf 88' lang='lat' dir='ltr'><strong>quod</strong></span> <span class='ocrx_word' id='word_1_131' title='bbox 2022 2053 2151 2104; x_wconf 87' lang='lat' dir='ltr'><strong>tum</strong></span> <span class='ocrx_word' id='word_1_132' title='bbox 2171 2090 2189 2121; x_wconf 91' lang='lat'><strong>,</strong></span> <span class='ocrx_word' id='word_1_133' title='bbox 2248 2065 2440 2125; x_wconf 86' lang='lat' dir='ltr'><strong>quum</strong></span> <span class='ocrx_word' id='word_1_134' title='bbox 2489 2047 2690 2106; x_wconf 86' lang='lat' dir='ltr'><strong>Cicero</strong></span> <span class='ocrx_word' id='word_1_135' title='bbox 2737 2045 2799 2104; x_wconf 91' lang='lat' dir='ltr'><strong>id</strong></span> 
     </span>
     <span class='ocr_line' id='line_1_17' title="bbox 845 2146 2802 2222; baseline 0 -15"><span class='ocrx_word' id='word_1_136' title='bbox 845 2148 1112 2207; x_wconf 77' lang='lat' dir='ltr'><strong>»tollere</strong></span> <span class='ocrx_word' id='word_1_137' title='bbox 1178 2146 1521 2222; x_wconf 76' lang='lat' dir='ltr'><strong>nitebatur,</strong></span> <span class='ocrx_word' id='word_1_138' title='bbox 1593 2147 1713 2206; x_wconf 84' lang='lat' dir='ltr'><strong>tale</strong></span> <span class='ocrx_word' id='word_1_139' title='bbox 1780 2146 2161 2208; x_wconf 83' lang='lat' dir='ltr'><strong>videretur:&#39;&#39;</strong></span> <span class='ocrx_word' id='word_1_140' title='bbox 2228 2149 2276 2208; x_wconf 84' lang='lat' dir='ltr'><strong>si</strong></span> <span class='ocrx_word' id='word_1_141' title='bbox 2343 2149 2509 2207; x_wconf 87' lang='lat' dir='ltr'><strong>enim</strong></span> <span class='ocrx_word' id='word_1_142' title='bbox 2572 2156 2802 2208; x_wconf 85' lang='lat' dir='ltr'><strong>senatus</strong></span> 
     </span>
     <span class='ocr_line' id='line_1_18' title="bbox 844 2248 2800 2330; baseline 0 -19"><span class='ocrx_word' id='word_1_143' title='bbox 844 2249 1185 2324; x_wconf 86' lang='lat' dir='ltr'><strong>restitisset,</strong></span> <span class='ocrx_word' id='word_1_144' title='bbox 1245 2248 1478 2308; x_wconf 82' lang='lat' dir='ltr'><strong>fecisset</strong></span> <span class='ocrx_word' id='word_1_145' title='bbox 1523 2267 1667 2308; x_wconf 89' lang='lat' dir='ltr'><strong>sane</strong></span> <span class='ocrx_word' id='word_1_146' title='bbox 1710 2268 1786 2308; x_wconf 82' lang='lat' dir='ltr'><strong>ex</strong></span> <span class='ocrx_word' id='word_1_147' title='bbox 1828 2269 1898 2309; x_wconf 89' lang='lat' dir='ltr'><strong>ea</strong></span> <span class='ocrx_word' id='word_1_148' title='bbox 1933 2251 2254 2327; x_wconf 87' lang='lat' dir='ltr'><strong>opinione,</strong></span> <span class='ocrx_word' id='word_1_149' title='bbox 2294 2270 2479 2330; x_wconf 84' lang='lat' dir='ltr'><strong>quam</strong></span> <span class='ocrx_word' id='word_1_150' title='bbox 2516 2259 2663 2311; x_wconf 87' lang='lat' dir='ltr'><strong>tune</strong></span> <span class='ocrx_word' id='word_1_151' title='bbox 2692 2251 2800 2311; x_wconf 86' lang='lat' dir='ltr'><strong>ba-</strong></span> 
     </span>
     <span class='ocr_line' id='line_1_19' title="bbox 845 2351 2801 2434; baseline 0.001 -22"><span class='ocrx_word' id='word_1_152' title='bbox 845 2351 1101 2412; x_wconf 84' lang='lat' dir='ltr'><strong>buisset:</strong></span> <span class='ocrx_word' id='word_1_153' title='bbox 1140 2351 1246 2411; x_wconf 89' lang='lat' dir='ltr'><strong>sed</strong></span> <span class='ocrx_word' id='word_1_154' title='bbox 1264 2395 1282 2425; x_wconf 93' lang='lat'>‚</span> <span class='ocrx_word' id='word_1_155' title='bbox 1321 2369 1693 2430; x_wconf 86' lang='lat' dir='ltr'><strong>quamquam</strong></span> <span class='ocrx_word' id='word_1_156' title='bbox 1723 2352 1809 2411; x_wconf 89' lang='lat' dir='ltr'><strong>sic</strong></span> <span class='ocrx_word' id='word_1_157' title='bbox 1842 2352 2186 2429; x_wconf 70' lang='lat' dir='ltr'><strong>videbatur,</strong></span> <span class='ocrx_word' id='word_1_158' title='bbox 2225 2361 2429 2414; x_wconf 81' lang='lat' dir='ltr'><strong>tamen</strong></span> <span class='ocrx_word' id='word_1_159' title='bbox 2463 2354 2801 2434; x_wconf 70' lang='lat' dir='ltr'><strong>approbavit</strong></span> 
     </span>
     <span class='ocr_line' id='line_1_20' title="bbox 846 2453 2801 2536; baseline -0.001 -20"><span class='ocrx_word' id='word_1_160' title='bbox 846 2461 1086 2516; x_wconf 88' lang='lat' dir='ltr'><strong>senatus</strong></span> <span class='ocrx_word' id='word_1_161' title='bbox 1114 2453 1414 2514; x_wconf 81' lang='lat' dir='ltr'><strong>Ciceronis</strong></span> <span class='ocrx_word' id='word_1_162' title='bbox 1445 2454 1761 2514; x_wconf 85' lang='lat' dir='ltr'><strong>rationem.</strong></span> <span class='ocrx_word' id='word_1_163' title='bbox 1843 2454 2123 2516; x_wconf 87' lang='lat' dir='ltr'><strong>Ceterum</strong></span> <span class='ocrx_word' id='word_1_164' title='bbox 2137 2502 2156 2532; x_wconf 92' lang='lat'><strong>,</strong></span> <span class='ocrx_word' id='word_1_165' title='bbox 2182 2475 2365 2536; x_wconf 86' lang='lat' dir='ltr'><strong>quam</strong></span> <span class='ocrx_word' id='word_1_166' title='bbox 2397 2456 2557 2515; x_wconf 88' lang='lat' dir='ltr'><strong>nihil</strong></span> <span class='ocrx_word' id='word_1_167' title='bbox 2590 2455 2801 2526; x_wconf 80' lang='lat' dir='ltr'><strong>intelli·</strong></span> 
     </span>
     <span class='ocr_line' id='line_1_21' title="bbox 844 2555 2804 2637; baseline -0.001 -19"><span class='ocrx_word' id='word_1_168' title='bbox 844 2565 948 2637; x_wconf 80' lang='lat' dir='ltr'><strong>gat</strong></span> <span class='ocrx_word' id='word_1_169' title='bbox 998 2556 1359 2618; x_wconf 83' lang='lat' dir='ltr'><strong>Goerenzius</strong></span> <span class='ocrx_word' id='word_1_170' title='bbox 1412 2555 1480 2615; x_wconf 90' lang='lat' dir='ltr'><strong>in</strong></span> <span class='ocrx_word' id='word_1_171' title='bbox 1528 2556 1821 2635; x_wconf 78' lang='lat' dir='ltr'><strong>exemplis</strong></span> <span class='ocrx_word' id='word_1_172' title='bbox 1869 2576 2027 2635; x_wconf 87' lang='lat' dir='ltr'><strong>quae</strong></span> <span class='ocrx_word' id='word_1_173' title='bbox 2058 2558 2282 2618; x_wconf 82' lang='lat' dir='ltr'><strong>excitat</strong></span> <span class='ocrx_word' id='word_1_174' title='bbox 2315 2559 2448 2619; x_wconf 87' lang='lat' dir='ltr'><strong>eius</strong></span> <span class='ocrx_word' id='word_1_175' title='bbox 2477 2565 2804 2618; x_wconf 76' lang='lat' dir='ltr'><strong>structurae</strong></span> 
     </span>
     <span class='ocr_line' id='line_1_22' title="bbox 843 2659 2803 2740; baseline 0.001 -20"><span class='ocrx_word' id='word_1_176' title='bbox 843 2679 1029 2740; x_wconf 87' lang='lat' dir='ltr'><strong>quam</strong></span> <span class='ocrx_word' id='word_1_177' title='bbox 1073 2659 1381 2734; x_wconf 83' lang='lat' dir='ltr'><strong>defendit,</strong></span> <span class='ocrx_word' id='word_1_178' title='bbox 1433 2679 1574 2720; x_wconf 84' lang='lat' dir='ltr'><strong>mox</strong></span> <span class='ocrx_word' id='word_1_179' title='bbox 1620 2659 1976 2721; x_wconf 87' lang='lat' dir='ltr'><strong>videbimus.</strong></span> <span class='ocrx_word' id='word_1_180' title='bbox 2057 2660 2242 2721; x_wconf 74' lang='lat' dir='ltr'><strong>Multo</strong></span> <span class='ocrx_word' id='word_1_181' title='bbox 2272 2662 2492 2721; x_wconf 87' lang='lat' dir='ltr'><strong>melius</strong></span> <span class='ocrx_word' id='word_1_182' title='bbox 2523 2660 2803 2734; x_wconf 84' lang='lat' dir='ltr'><strong>Rathius,</strong></span> 
     </span>
     <span class='ocr_line' id='line_1_23' title="bbox 844 2754 2804 2844; baseline 0.002 -23"><span class='ocrx_word' id='word_1_183' title='bbox 844 2770 1142 2843; x_wconf 85' lang='lat' dir='ltr'><strong>quantum</strong></span> <span class='ocrx_word' id='word_1_184' title='bbox 1194 2780 1267 2820; x_wconf 86' lang='lat' dir='ltr'><strong>ex</strong></span> <span class='ocrx_word' id='word_1_185' title='bbox 1322 2759 1530 2820; x_wconf 68' lang='lat' dir='ltr'><strong>moseri</strong></span> <span class='ocrx_word' id='word_1_186' title='bbox 1582 2762 1967 2823; x_wconf 79' lang='lat' dir='ltr'><strong>annotatione</strong></span> <span class='ocrx_word' id='word_1_187' title='bbox 2003 2763 2275 2843; x_wconf 75' lang='lat' dir='ltr'><strong>intellig-o</strong></span> <span class='ocrx_word' id='word_1_188' title='bbox 2295 2808 2315 2840; x_wconf 93' lang='lat'><strong>,</strong></span> <span class='ocrx_word' id='word_1_189' title='bbox 2347 2754 2628 2844; x_wconf 78' lang='lat' dir='ltr'><strong>agnovit,</strong></span> <span class='ocrx_word' id='word_1_190' title='bbox 2666 2784 2804 2844; x_wconf 89' lang='lat' dir='ltr'><strong>pro-</strong></span> 
     </span>
     <span class='ocr_line' id='line_1_24' title="bbox 843 2863 2803 2944; baseline 0.002 -22"><span class='ocrx_word' id='word_1_191' title='bbox 843 2871 980 2944; x_wconf 89' lang='lat' dir='ltr'><strong>pter</strong></span> <span class='ocrx_word' id='word_1_192' title='bbox 1027 2872 1370 2941; x_wconf 86' lang='lat' dir='ltr'><strong>temporum</strong></span> <span class='ocrx_word' id='word_1_193' title='bbox 1419 2863 1905 2924; x_wconf 86' lang='lat' dir='ltr'><strong>consecutionem</strong></span> <span class='ocrx_word' id='word_1_194' title='bbox 1946 2866 2178 2944; x_wconf 88' lang='lat' dir='ltr'><strong>requiri</strong></span> <span class='ocrx_word' id='word_1_195' title='bbox 2212 2866 2538 2927; x_wconf 71' lang='lat' dir='ltr'><strong>videbatur.</strong></span> <span class='ocrx_word' id='word_1_196' title='bbox 2616 2866 2803 2926; x_wconf 74' lang='lat' dir='ltr'><strong>Nimi-</strong></span> 
     </span>
     <span class='ocr_line' id='line_1_25' title="bbox 842 2965 2802 3046; baseline -0.001 -21"><span class='ocrx_word' id='word_1_197' title='bbox 842 2984 985 3025; x_wconf 86' lang='lat' dir='ltr'><strong>rum</strong></span> <span class='ocrx_word' id='word_1_198' title='bbox 1000 3008 1019 3039; x_wconf 89' lang='lat'><em>‚</em></span> <span class='ocrx_word' id='word_1_199' title='bbox 1051 2972 1172 3024; x_wconf 84' lang='lat' dir='ltr'><strong>tam</strong></span> <span class='ocrx_word' id='word_1_200' title='bbox 1202 2972 1449 3042; x_wconf 88' lang='lat' dir='ltr'><strong>propter</strong></span> <span class='ocrx_word' id='word_1_201' title='bbox 1476 2965 1841 3023; x_wconf 72' lang='lat' dir='ltr'><strong>sustulissem</strong></span> <span class='ocrx_word' id='word_1_202' title='bbox 1857 3008 1876 3039; x_wconf 96' lang='lat'><strong>,</strong></span> <span class='ocrx_word' id='word_1_203' title='bbox 1911 2983 2094 3043; x_wconf 86' lang='lat' dir='ltr'><strong>quam</strong></span> <span class='ocrx_word' id='word_1_204' title='bbox 2128 2966 2178 3025; x_wconf 91' lang='lat' dir='ltr'><strong>si</strong></span> <span class='ocrx_word' id='word_1_205' title='bbox 2209 2967 2429 3026; x_wconf 74' lang='lat' dir='ltr'><strong>sustuli</strong></span> <span class='ocrx_word' id='word_1_206' title='bbox 2459 2967 2802 3046; x_wconf 81' lang='lat' dir='ltr'><strong>scripsisset,</strong></span> 
     </span>
     <span class='ocr_line' id='line_1_26' title="bbox 841 3064 2804 3148; baseline 0.001 -21"><span class='ocrx_word' id='word_1_207' title='bbox 841 3064 1166 3128; x_wconf 83' lang='lat' dir='ltr'><strong>Indicativi</strong></span> <span class='ocrx_word' id='word_1_208' title='bbox 1217 3064 1466 3144; x_wconf 80' lang='lat' dir='ltr'><strong>imperf.</strong></span> <span class='ocrx_word' id='word_1_209' title='bbox 1513 3065 1964 3144; x_wconf 80' lang='lat' dir='ltr'><strong>postulabatur:</strong></span> <span class='ocrx_word' id='word_1_210' title='bbox 2026 3076 2090 3127; x_wconf 89' lang='lat' dir='ltr'><strong>et</strong></span> <span class='ocrx_word' id='word_1_211' title='bbox 2139 3067 2322 3128; x_wconf 85' lang='lat' dir='ltr'><strong>habet</strong></span> <span class='ocrx_word' id='word_1_212' title='bbox 2356 3067 2472 3129; x_wconf 88' lang='lat' dir='ltr'><strong>hoc</strong></span> <span class='ocrx_word' id='word_1_213' title='bbox 2508 3069 2804 3148; x_wconf 81' lang='lat' dir='ltr'><strong>peculiare</strong></span> 
     </span>
     <span class='ocr_line' id='line_1_27' title="bbox 840 3165 2804 3249; baseline 0 -21"><span class='ocrx_word' id='word_1_214' title='bbox 840 3187 1122 3249; x_wconf 85' lang='lat' dir='ltr'><strong>praesens</strong></span> <span class='ocrx_word' id='word_1_215' title='bbox 1149 3167 1343 3241; x_wconf 86' lang='lat' dir='ltr'><strong>locus,</strong></span> <span class='ocrx_word' id='word_1_216' title='bbox 1368 3165 1531 3245; x_wconf 87' lang='lat' dir='ltr'><strong>quod</strong></span> <span class='ocrx_word' id='word_1_217' title='bbox 1555 3167 1878 3244; x_wconf 83' lang='lat' dir='ltr'><strong>primariae</strong></span> <span class='ocrx_word' id='word_1_218' title='bbox 1909 3170 2240 3231; x_wconf 85' lang='lat' dir='ltr'><strong>sententiae</strong></span> <span class='ocrx_word' id='word_1_219' title='bbox 2259 3168 2544 3245; x_wconf 86' lang='lat' dir='ltr'><strong>verbum,</strong></span> <span class='ocrx_word' id='word_1_220' title='bbox 2574 3178 2804 3249; x_wconf 84' lang='lat' dir='ltr'><strong>propter</strong></span> 
     </span>
     <span class='ocr_line' id='line_1_28' title="bbox 842 3267 2801 3351; baseline -0.002 -19"><span class='ocrx_word' id='word_1_221' title='bbox 842 3291 917 3332; x_wconf 87' lang='lat' dir='ltr'><strong>ea</strong></span> <span class='ocrx_word' id='word_1_222' title='bbox 963 3290 1120 3351; x_wconf 83' lang='lat' dir='ltr'><strong>quae</strong></span> <span class='ocrx_word' id='word_1_223' title='bbox 1155 3267 1531 3330; x_wconf 78' lang='lat' dir='ltr'><strong>adnectenda</strong></span> <span class='ocrx_word' id='word_1_224' title='bbox 1565 3268 1929 3329; x_wconf 81' lang='lat' dir='ltr'><strong>videbantur</strong></span> <span class='ocrx_word' id='word_1_225' title='bbox 1976 3270 2126 3351; x_wconf 77' lang='lat' dir='ltr'><strong>(nisi</strong></span> <span class='ocrx_word' id='word_1_226' title='bbox 2158 3269 2292 3351; x_wconf 88' lang='lat'><strong>—),</strong></span> <span class='ocrx_word' id='word_1_227' title='bbox 2327 3272 2391 3330; x_wconf 88' lang='lat' dir='ltr'><strong>iu</strong></span> <span class='ocrx_word' id='word_1_228' title='bbox 2427 3271 2801 3351; x_wconf 85' lang='lat' dir='ltr'><strong>participium</strong></span> 
     </span>
     <span class='ocr_line' id='line_1_29' title="bbox 844 3369 2805 3453; baseline 0.001 -20"><span class='ocrx_word' id='word_1_229' title='bbox 844 3373 1025 3450; x_wconf 80' lang='lat' dir='ltr'><strong>abiit3</strong></span> <span class='ocrx_word' id='word_1_230' title='bbox 1080 3373 1130 3431; x_wconf 87' lang='lat' dir='ltr'><strong>si</strong></span> <span class='ocrx_word' id='word_1_231' title='bbox 1177 3369 1426 3450; x_wconf 86' lang='lat' dir='ltr'><strong>quidem</strong></span> <span class='ocrx_word' id='word_1_232' title='bbox 1473 3369 1731 3449; x_wconf 86' lang='lat' dir='ltr'><strong>simplex</strong></span> <span class='ocrx_word' id='word_1_233' title='bbox 1774 3372 1927 3432; x_wconf 84' lang='lat' dir='ltr'><strong>haec</strong></span> <span class='ocrx_word' id='word_1_234' title='bbox 1968 3372 2236 3453; x_wconf 88' lang='lat' dir='ltr'><strong>primum</strong></span> <span class='ocrx_word' id='word_1_235' title='bbox 2269 3373 2640 3452; x_wconf 75' lang='lat' dir='ltr'><strong>cogitabatur</strong></span> <span class='ocrx_word' id='word_1_236' title='bbox 2672 3393 2805 3433; x_wconf 84' lang='lat' dir='ltr'><strong>scn-</strong></span> 
     </span>
     <span class='ocr_line' id='line_1_30' title="bbox 868 3473 2806 3556; baseline -0.002 -21"><span class='ocrx_word' id='word_1_237' title='bbox 868 3476 1032 3535; x_wconf 86' lang='lat' dir='ltr'><strong>entia</strong></span> <span class='ocrx_word' id='word_1_238' title='bbox 1050 3520 1069 3550; x_wconf 91' lang='lat'><strong>,</strong></span> <span class='ocrx_word' id='word_1_239' title='bbox 1126 3493 1478 3553; x_wconf 77' lang='lat' dir='ltr'><strong>quamquam</strong></span> <span class='ocrx_word' id='word_1_240' title='bbox 1528 3502 1612 3517; x_wconf 92' lang='lat'><strong>—</strong></span> <span class='ocrx_word' id='word_1_241' title='bbox 1665 3474 1978 3533; x_wconf 71' lang='lat' dir='ltr'><strong>videbatur</strong></span> <span class='ocrx_word' id='word_1_242' title='bbox 1991 3520 2010 3550; x_wconf 94' lang='lat'><strong>,</strong></span> <span class='ocrx_word' id='word_1_243' title='bbox 2064 3484 2260 3534; x_wconf 70' lang='lat' dir='ltr'><strong>tamen</strong></span> <span class='ocrx_word' id='word_1_244' title='bbox 2306 3477 2646 3556; x_wconf 76' lang='lat' dir='ltr'><strong>approbavit</strong></span> <span class='ocrx_word' id='word_1_245' title='bbox 2677 3473 2806 3556; x_wconf 86' lang='lat' dir='ltr'><strong>(aut</strong></span> 
     </span>
     <span class='ocr_line' id='line_1_31' title="bbox 842 3573 2801 3658; baseline -0.002 -20"><span class='ocrx_word' id='word_1_246' title='bbox 842 3573 1226 3658; x_wconf 60' lang='lat' dir='ltr'><strong>amr-oboluit)</strong></span> <span class='ocrx_word' id='word_1_247' title='bbox 1255 3583 1494 3635; x_wconf 88' lang='lat' dir='ltr'><strong>senatus</strong></span> <span class='ocrx_word' id='word_1_248' title='bbox 1519 3576 1677 3654; x_wconf 79' lang='lat' dir='ltr'><strong>quod</strong></span> <span class='ocrx_word' id='word_1_249' title='bbox 1702 3577 1992 3636; x_wconf 74' lang='lat' dir='ltr'><strong>tollebam.</strong></span> <span class='ocrx_word' id='word_1_250' title='bbox 2058 3577 2346 3639; x_wconf 61' lang='lat' dir='ltr'><strong>,Normam</strong></span> <span class='ocrx_word' id='word_1_251' title='bbox 2374 3578 2543 3657; x_wconf 85' lang='lat' dir='ltr'><strong>quod</strong></span> <span class='ocrx_word' id='word_1_252' title='bbox 2573 3579 2801 3652; x_wconf 85' lang='lat' dir='ltr'><strong>attinet,</strong></span> 
     </span>
     <span class='ocr_line' id='line_1_32' title="bbox 842 3676 2803 3759; baseline 0 -21"><span class='ocrx_word' id='word_1_253' title='bbox 842 3680 981 3738; x_wconf 81' lang='lat' dir='ltr'><strong>satis</strong></span> <span class='ocrx_word' id='word_1_254' title='bbox 1030 3685 1179 3756; x_wconf 88' lang='lat' dir='ltr'><strong>puto</strong></span> <span class='ocrx_word' id='word_1_255' title='bbox 1235 3695 1400 3736; x_wconf 87' lang='lat' dir='ltr'><strong>nunc</strong></span> <span class='ocrx_word' id='word_1_256' title='bbox 1450 3677 1596 3737; x_wconf 79' lang='lat' dir='ltr'><strong>viris</strong></span> <span class='ocrx_word' id='word_1_257' title='bbox 1639 3676 1829 3738; x_wconf 89' lang='lat' dir='ltr'><strong>doctis</strong></span> <span class='ocrx_word' id='word_1_258' title='bbox 1880 3686 2159 3759; x_wconf 86' lang='lat' dir='ltr'><strong>apertum</strong></span> <span class='ocrx_word' id='word_1_259' title='bbox 2212 3698 2336 3740; x_wconf 84' lang='lat' dir='ltr'><strong>esse</strong></span> <span class='ocrx_word' id='word_1_260' title='bbox 2384 3700 2509 3740; x_wconf 87' lang='lat' dir='ltr'><strong>non</strong></span> <span class='ocrx_word' id='word_1_261' title='bbox 2544 3680 2803 3741; x_wconf 81' lang='lat' dir='ltr'><strong>absolute</strong></span> 
     </span>
     <span class='ocr_line' id='line_1_33' title="bbox 841 3778 2803 3863; baseline 0.001 -21"><span class='ocrx_word' id='word_1_262' title='bbox 841 3789 949 3842; x_wconf 89' lang='lat' dir='ltr'><strong>aut</strong></span> <span class='ocrx_word' id='word_1_263' title='bbox 980 3778 1387 3839; x_wconf 82' lang='lat' dir='ltr'><strong>Indicativum</strong></span> <span class='ocrx_word' id='word_1_264' title='bbox 1407 3824 1425 3854; x_wconf 92' lang='lat'><strong>,</strong></span> <span class='ocrx_word' id='word_1_265' title='bbox 1466 3788 1575 3839; x_wconf 86' lang='lat' dir='ltr'><strong>aut</strong></span> <span class='ocrx_word' id='word_1_266' title='bbox 1608 3779 2077 3842; x_wconf 84' lang='lat' dir='ltr'><strong>Coniunctivum</strong></span> <span class='ocrx_word' id='word_1_267' title='bbox 2119 3783 2399 3861; x_wconf 86' lang='lat' dir='ltr'><strong>componi</strong></span> <span class='ocrx_word' id='word_1_268' title='bbox 2432 3803 2573 3843; x_wconf 88' lang='lat' dir='ltr'><strong>cum</strong></span> <span class='ocrx_word' id='word_1_269' title='bbox 2603 3804 2803 3863; x_wconf 72' lang='lat' dir='ltr'><strong>quas·-</strong></span> 
     </span>
     <span class='ocr_line' id='line_1_34' title="bbox 841 3880 2800 3965; baseline 0.002 -21"><span class='ocrx_word' id='word_1_270' title='bbox 841 3905 1050 3965; x_wconf 75' lang='lat' dir='ltr'><strong>qunm,</strong></span> <span class='ocrx_word' id='word_1_271' title='bbox 1080 3881 1186 3943; x_wconf 83' lang='lat' dir='ltr'><strong>sed</strong></span> <span class='ocrx_word' id='word_1_272' title='bbox 1210 3880 1676 3942; x_wconf 80' lang='lat' dir='ltr'><strong>Coniunctimm</strong></span> <span class='ocrx_word' id='word_1_273' title='bbox 1706 3884 1809 3944; x_wconf 78' lang='lat' dir='ltr'><strong>vel</strong></span> <span class='ocrx_word' id='word_1_274' title='bbox 1840 3893 2086 3964; x_wconf 88' lang='lat' dir='ltr'><strong>propter</strong></span> <span class='ocrx_word' id='word_1_275' title='bbox 2109 3905 2452 3965; x_wconf 85' lang='lat' dir='ltr'><strong>suspensam</strong></span> <span class='ocrx_word' id='word_1_276' title='bbox 2478 3886 2800 3947; x_wconf 86' lang='lat' dir='ltr'><strong>orationem</strong></span> 
     </span>
     <span class='ocr_line' id='line_1_35' title="bbox 841 3985 2801 4068; baseline -0.001 -20"><span class='ocrx_word' id='word_1_277' title='bbox 841 4007 968 4048; x_wconf 86' lang='lat' dir='ltr'><strong>esse</strong></span> <span class='ocrx_word' id='word_1_278' title='bbox 985 4032 1003 4062; x_wconf 93' lang='lat'><strong>,</strong></span> <span class='ocrx_word' id='word_1_279' title='bbox 1063 3985 1164 4045; x_wconf 79' lang='lat' dir='ltr'><strong>vel</strong></span> <span class='ocrx_word' id='word_1_280' title='bbox 1182 4031 1200 4061; x_wconf 94' lang='lat'><strong>,</strong></span> <span class='ocrx_word' id='word_1_281' title='bbox 1258 3992 1502 4065; x_wconf 87' lang='lat' dir='ltr'><strong>propter</strong></span> <span class='ocrx_word' id='word_1_282' title='bbox 1553 3986 1913 4047; x_wconf 87' lang='lat' dir='ltr'><strong>sententiam</strong></span> <span class='ocrx_word' id='word_1_283' title='bbox 1951 3987 2419 4048; x_wconf 84' lang='lat' dir='ltr'><strong>conditionalem</strong></span> <span class='ocrx_word' id='word_1_284' title='bbox 2454 3997 2562 4049; x_wconf 85' lang='lat' dir='ltr'><strong>aut</strong></span> <span class='ocrx_word' id='word_1_285' title='bbox 2597 3996 2801 4068; x_wconf 88' lang='lat' dir='ltr'><strong>poten-</strong></span> 
     </span>
     <span class='ocr_line' id='line_1_36' title="bbox 839 4086 2799 4171; baseline 0.001 -22"><span class='ocrx_word' id='word_1_286' title='bbox 839 4090 1079 4152; x_wconf 87' lang='lat' dir='ltr'><strong>tialem:</strong></span> <span class='ocrx_word' id='word_1_287' title='bbox 1123 4087 1312 4166; x_wconf 88' lang='lat' dir='ltr'><strong>idque</strong></span> <span class='ocrx_word' id='word_1_288' title='bbox 1345 4107 1469 4150; x_wconf 90' lang='lat' dir='ltr'><strong>non</strong></span> <span class='ocrx_word' id='word_1_289' title='bbox 1502 4086 1685 4148; x_wconf 88' lang='lat' dir='ltr'><strong>latuit</strong></span> <span class='ocrx_word' id='word_1_290' title='bbox 1715 4089 2010 4151; x_wconf 88' lang='lat' dir='ltr'><strong>Orellium</strong></span> <span class='ocrx_word' id='word_1_291' title='bbox 2045 4090 2123 4150; x_wconf 88' lang='lat' dir='ltr'><strong>ad</strong></span> <span class='ocrx_word' id='word_1_292' title='bbox 2158 4090 2542 4152; x_wconf 86' lang='lat' dir='ltr'><strong>Plancianam</strong></span> <span class='ocrx_word' id='word_1_293' title='bbox 2574 4091 2711 4171; x_wconf 84' lang='lat' dir='ltr'><strong>Cap.</strong></span> <span class='ocrx_word' id='word_1_294' title='bbox 2745 4088 2799 4153; x_wconf 90' lang='lat'><strong>2.</strong></span> 
     </span>
    </p>
   </div>
   <div class='ocr_carea' id='block_1_5' title="bbox 3014 2888 3021 4159">
    <p class='ocr_par' dir='ltr' id='par_1_5' title="bbox 3014 2888 3021 4159">
     <span class='ocr_line' id='line_1_37' title="bbox 3014 2888 3021 4159; baseline 0 0"><span class='ocrx_word' id='word_1_295' title='bbox 3014 2888 3021 4159; x_wconf 95' lang='lat' dir='ltr'><strong> </strong></span> 
     </span>
    </p>
   </div>
  </div>
 </body>
</html>
