3131 5032
761 450 890 516 288
1483 450 1626 517 Lm.
1675 450 1738 534 1,
1794 454 1872 535 2,
1925 453 1985 517 7.

832 659 961 717 nisi
1021 658 1129 736 qui
1181 658 1349 736 forte
1412 655 1673 715 nondum
1734 657 2066 739 ediderunt)
2167 656 2357 719 Nihili
2409 668 2500 720 est
2548 661 2715 742 quod

753 760 1033 821 nonnulli
1086 758 1230 819 libri
1285 757 1612 819 deteriores
1660 758 1922 820 afferunt
1962 764 2131 842 soree
2187 765 2329 842 qui:
2389 764 2715 846 minusque

752 865 936 924 etiam
985 861 1366 943 probandum
1429 863 1751 938 ediderint,
1808 864 2099 943 quoniam
2156 865 2310 927 ¹huic
2360 867 2714 948 hypotheti—

751 986 855 1028 cae
911 967 1129 1027 rationi
1185 985 1352 1025 nunc
1404 965 1572 1025 locus
1620 986 1747 1026 non
1800 976 1906 1027 est.
2001 966 2152 1027 Tum
2203 978 2370 1030 recte
2423 971 2710 1034 Goerenz.

748 1068 1029 1148 repudiat
1071 1067 1238 1147 quod
1290 1067 1500 1126 Cassel.
1554 1067 1738 1126 hahet
1755 1092 1772 1145 ;
1834 1069 1963 1126 nisi
2007 1070 2068 1127 si
2116 1072 2226 1148 qui
2242 1116 2261 1147 ,
2319 1071 2486 1150 quod
2543 1073 2709 1133 idem

746 1180 900 1232 esset
946 1189 1017 1231 ac
1069 1170 1118 1230 si
1159 1168 1467 1246 cogitasset
1521 1167 1738 1244 simul,
1777 1169 1829 1227 si
1860 1168 2222 1248 edidissent,
2265 1180 2396 1232 tum
2432 1175 2708 1253 superio-

746 1294 877 1335 rem
937 1272 1215 1333 futurum
1279 1272 1623 1332 Sisennam:
1682 1272 1865 1351 plane
1927 1273 2274 1336 absurdum.
2374 1276 2709 1338 Gronovius

749 1376 828 1437 ad
876 1376 1004 1437 Liv.
1048 1374 1128 1435 IV
1154 1420 1172 1453 ,
1208 1374 1281 1435 41
1304 1420 1323 1450 ‚
1368 1375 1407 1435 2
1460 1393 1778 1455 perperam
1830 1377 1974 1436 citat
2025 1380 2134 1457 qui
2187 1398 2309 1437 non
2361 1380 2704 1459 edidemnt,

746 1485 923 1539 utens
974 1477 1092 1537 hoc
1143 1475 1277 1536 loco
1328 1476 1406 1535 ad
1439 1475 1871 1556 explicandum
1909 1479 2081 1539 verbi
2126 1482 2465 1542 existimare
2499 1502 2704 1560 usum,

743 1602 855 1662 pro
901 1580 1201 1640 iudicare:
1258 1599 1478 1659 nempe
1514 1600 1550 1640 e
1583 1580 1734 1640 meis
1765 1579 2015 1641 affertur
2048 1589 2180 1644 tum
2214 1586 2496 1645 extimare
2512 1632 2533 1663 ,
2572 1595 2705 1648 tum

744 1687 1034 1746 estimare.

821 1809 1010 1868 neque
1072 1798 1269 1847 orator
1328 1789 1399 1846 in
1452 1807 1692 1847 numero
1756 1799 1943 1848 vestro
1989 1809 2268 1870 umquam
2311 1803 2396 1851 est
2447 1792 2708 1875 habitus)

742 1891 969 1952 Rursus
1022 1890 1249 1951 labitur
1284 1890 1790 1969 Wyttenbachius
1828 1891 1992 1970 apud
2031 1892 2321 1953 lloserum
2339 1940 2358 1969 ,
2409 1902 2708 1956 oratorem

743 1994 1037 2074 appellari
1085 1994 1395 2053 Sisennam
1428 1991 1649 2052 docens
1679 2001 1926 2073 propter
1958 1996 2257 2056 orationes
2286 1996 2572 2061 historiae
2607 2000 2710 2060 in-

741 2099 1069 2177 terpositas.
1164 2096 1215 2155 N
1222 2096 1515 2156 umeravit
1570 2116 1714 2155 eum
1768 2104 2067 2158 oratorem
2115 2100 2242 2179 ipse
2294 2100 2503 2163 Cicero
2542 2102 2708 2164 Brut.

745 2201 859 2277 64,
911 2198 1032 2261 228
1081 2200 1147 2258 in
1180 2199 1255 2260 iis
1292 2199 1402 2279 qui
1437 2218 1642 2259 causas
1676 2200 2042 2278 attigissent,
2084 2202 2261 2263 cuius
2291 2204 2414 2266 loci
2445 2225 2527 2267 ne
2558 2206 2711 2268 haec

744 2304 997 2384 quidem
1025 2303 1211 2363 verba
1238 2302 1612 2362 excusabunt
1636 2303 1990 2382 magistrum
2025 2324 2264 2384 meum,
2304 2309 2484 2369 liuius
2516 2313 2706 2371 omnis

734 2407 1003 2486 facultas
1053 2427 1126 2467 eat
1172 2406 1422 2465 historia
1463 2407 1657 2486 ipsius
1681 2409 1949 2488 perspici
1974 2421 2207 2489 potes&
2248 2412 2478 2492 quippe
2510 2414 2706 2475 nullas

741 2511 986 2590 scriptas
1019 2510 1351 2590 reliquerat
1374 2510 1655 2571 actiones.
1739 2509 1925 2573 Multo
1952 2513 2171 2575 melius
2197 2514 2492 2595 explicuit
2506 2519 2705 2598 facile

741 2617 1081 2696 superavit:
1123 2613 1283 2676 conf.
1318 2613 1545 2675 Duker.
1583 2614 1662 2673 ad
1698 2614 1853 2675 Flor.
1885 2616 2015 2692 111,
2062 2617 2164 2694 14,
2211 2617 2264 2679 l.

820 2738 1006 2796 neque
1046 2726 1350 2796 praeterea
1381 2736 1729 2794 quemquam
1759 2716 1829 2774 de
1870 2714 2139 2796 Graecis)
2217 2719 2444 2780 Sustuli
2473 2722 2704 2782 levissi-

740 2838 902 2879 mam
954 2818 1438 2892 distinctionem,
1494 2837 1680 2896 quam
1728 2825 1869 2877 ante
1918 2820 1988 2878 de
2041 2821 2375 2882 inseruerat
2409 2823 2698 2885 lloserus:

742 2923 949 3002 itaque
994 2919 1341 2981 defenditur
1372 2920 1477 2979 hic
1520 2919 1670 2980 ordo
1705 2922 2030 2982 verborum
2064 2943 2210 3002 prae
2246 2927 2434 2987 altero
2449 2973 2469 3004 ,
2509 2949 2702 3007 quem·

738 3047 916 3106 quam
956 3037 1281 3107 praeterea.
1361 3023 1708 3084 Arctissime
1752 3025 1919 3085 enim
1974 3026 2302 3089 cohaerent
2352 3051 2699 3110 quemquam

739 3130 809 3188 de
869 3130 1132 3189 Graecis.
1231 3127 1360 3186 Mox
1417 3127 1856 3205 aliquantulum
1873 3173 1891 3204 ,
1949 3127 2114 3206 quod
2181 3129 2509 3192 deteriores
2558 3133 2699 3193 libri

738 3232 967 3292 habent
982 3276 1000 3307 ,
1042 3231 1222 3291 nimis
1259 3230 1564 3289 minueret
1603 3229 1793 3289 Attici
1830 3232 2381 3310 reprehensionem.

820 3355 999 3415 quare
1054 3345 1220 3394 tuum
1265 3343 1354 3392 est
1393 3354 1607 3392 munus
1640 3333 1749 3394 hoc
1766 3379 1785 3409 ‚
1826 3354 1866 3394 a
1897 3345 1952 3394 te
1985 3334 2375 3417 exspectatur)
2451 3337 2699 3398 Deserui

739 3438 1046 3517 vulgatam
1095 3436 1647 3515 interpunctionem
1700 3435 1939 3517 (munus
1955 3483 1975 3514 ,
2027 3438 2135 3499 hoc
2169 3460 2207 3499 a
2244 3436 2324 3519 te)
2341 3486 2359 3516 ‚
2410 3442 2698 3520 quoniam

741 3541 938 3621 prima
981 3537 1328 3598 enunciatio
1378 3558 1587 3599 carere
1637 3539 1996 3618 pronomine
2045 3561 2168 3601 non
2222 3550 2442 3622 potest,
2499 3551 2699 3604 recte·-

740 3662 862 3723 que
879 3643 988 3702 hoc
1014 3661 1157 3702 cum
1186 3641 1449 3703 secunda
1464 3662 1720 3722 persona
1746 3644 2165 3723 coniungitur,
2203 3644 2457 3706 docente
2473 3645 2695 3708 Manat.

741 3746 819 3807 ad
844 3746 992 3825 Epp.
1026 3744 1103 3805 ad
1132 3744 1263 3806 niv.
1300 3745 1429 3821 111,
1475 3745 1587 3822 10,
1621 3745 1681 3806 7.
1782 3747 1973 3806 Sensit
2029 3747 2191 3807 idem
2239 3747 2521 3808 librarius
2553 3750 2695 3811 eod.

739 3851 896 3911 Voss.
933 3847 999 3910 Β.
1080 3849 1172 3909 Ita
1204 3848 1333 3909 Fin.
1375 3841 1504 3926 111,'
1538 3848 1579 3908 2
1592 3895 1611 3926 ,
1648 3847 1723 3926 8,
1764 3849 1872 3910 hoc
1914 3851 2150 3930 quidem
2176 3853 2489 3933 proprium
2527 3865 2691 3914 tuum

737 3975 950 4013 munus
991 3964 1096 4013 est.

819 4059 946 4115 nisi
976 4056 1125 4136 quid
1161 4054 1380 4136 Quinto
1414 4056 1650 4116 videtur
1677 4054 1870 4136 secus)
1950 4055 2115 4121 Plato
2141 4058 2357 4139 Cratyl.
2381 4079 2441 4136 p.
2463 4058 2602 4120 427.
2618 4057 2693 4135 Ι),

740 4168 793 4218 εἰ
829 4164 906 4235 μή
945 4182 999 4218 τι
1041 4160 1184 4217 ἄλλο
1221 4164 1522 4237 Κράτυλος
1560 4163 1660 4218 ὅδε
1704 4161 1878 4237 λέγει.
