3131 5032
2283 530 2396 577 XX!

420 707 615 798 [gg.
668 705 797 784 111,
860 707 977 784 ¹2,
1028 704 1148 784 29,
1197 700 1360 771 dicit
1403 703 1488 772 de
1536 707 1815 788 Senatu,
1863 721 2021 774 tum
2066 723 2163 775 eet
2211 725 2393 781 totus

416 820 604 888 ordo.
1256 862 1259 865 -

511 933 604 997 Ne
665 927 817 997 libri
879 926 1199 1020 auguralis
1249 927 1515 1019 quidem
1581 929 1774 1020 Appii
1837 930 2085 1000 Claudii
2144 934 2391 1005 mentio

420 1044 545 1133 (11,
590 1046 705 1123 13,
746 1039 894 1130 32),
916 1038 1122 1108 aliens
1151 1040 1409 1107 videtur
1434 1039 1519 1107 ab
1541 1041 1770 1109 eodem
1797 1044 1987 1110 Anno
2016 1048 2170 1112 702.
2228 1047 2390 1114 Nam

411 1176 585 1249 quae
623 1154 844 1223 Cicero
885 1151 972 1219 ad
1021 1152 1302 1242 Appium
1362 1150 1587 1220 scribit
1644 1153 1756 1245 (ad
1803 1152 1934 1222 niv.
1987 1156 2113 1236 ΠΙ,
2163 1160 2236 1239 4,
2290 1156 2386 1246 1),

411 1267 593 1356 quod
617 1267 752 1355 (me
773 1288 811 1332 a
841 1278 908 1332 te
931 1261 1190 1354 plurimi
1219 1262 1388 1354 fieri)
1410 1277 1660 1356 egomet
1688 1256 1934 1331 maliis
1961 1272 2392 1359 argumentis

410 1381 562 1447 iam
605 1390 804 1444 antea
847 1375 1268 1456 iudicaram,
1314 1380 1736 1465 maximeque
1765 1378 1896 1443 illo
1931 1378 2107 1445 libro
2138 1381 2388 1472 Augu-

411 1492 561 1558 mli
575 1540 595 1572 ,
641 1512 835 1577 quem
883 1487 978 1553 ad
1022 1510 1127 1553 me
1171 1492 1642 1555 amantissime
1692 1493 2027 1578 scriptum
2058 1497 2387 1559 mavini-

413 1625 607 1668 nuum
651 1603 949 1679 misisti,
994 1598 1228 1688 scripta
1280 1614 1437 1668 sunt
1481 1623 1632 1668 sane
1662 1601 1737 1668 A.
1779 1606 1913 1668 '703
1944 1622 2021 1668 ex
2050 1600 2282 1671 itinere
2315 1604 2385 1670 in

406 1710 837 1806 provinciam,
881 1710 995 1778 sed
1039 1709 1125 1778 sd
1170 1709 1451 1801 Appium
1471 1761 1489 1792 ,
1534 1711 1650 1803 qui
1701 1711 1836 1800 ipse
1882 1724 2025 1779 tum
2069 1711 2139 1779 in
2172 1714 2385 1783 Cilicia

407 1838 591 1906 erat,
636 1824 916 1915 quique,
959 1835 1039 1889 ut
1082 1821 1373 1904 videtur,
1420 1844 1629 1912 quum
1674 1821 1893 1891 Cicero
1936 1845 2145 1914 augur
2174 1824 2388 1894 factus

410 1942 573 1999 cunct
618 1930 694 1998 Δ.
729 1934 903 2009 701,
954 1928 1132 1996 hunc
1180 1926 1422 1994 librum
1466 1928 1555 1997 ad
1609 1949 1760 1996 eum
1794 1927 2052 1996 miserat
2095 1929 2386 2019 proximo

411 2043 605 2111 Anno
649 2045 806 2110 702.
901 2039 1055 2131 (Sed
1098 2038 1552 2129 corrigendum
1593 2061 1722 2107 esoe
1750 2053 1915 2129 puto
1948 2046 2383 2123 suavissime,

414 2150 736 2243 §qnidem
785 2149 961 2217 nulla
1009 2152 1319 2215 monitae
1367 2147 1436 2216 in
1487 2147 1623 2239 ipso
1683 2149 1989 2240 Augurali
2039 2152 2207 2222 libro
2253 2176 2386 2222 esse

412 2275 669 2355 poterat
689 2312 709 2343 ,
744 2260 868 2335 ‚sed
902 2258 972 2326 in
1015 2259 1091 2327 iis
1122 2259 1353 2342 literis,
1399 2283 1558 2350 quas
1592 2259 1781 2327 simul
1816 2260 2058 2352 Appius
2087 2264 2384 2348 miserat,

413 2373 579 2444 sicut
592 2373 1079 2463 inipsomultae
1099 2375 1468 2438 munitates
1478 2371 1810 2460 praedicat
1821 2371 2037 2442 Cicero
2054 2373 2213 2444 ibid.
2233 2363 2291 2456 1',
2312 2382 2342 2443 1
2365 2401 2382 2442 ε

415 2486 637 2577 itaque
648 2484 911 2576 epistola
923 2488 1225 2551 suaviter
1232 2487 1490 2571 eeripta
1505 2482 1747 2551 dicitur
1764 2484 1849 2551 ad
1864 2485 1996 2557 niv.
2013 2490 2146 2574 XV,
2162 2493 2268 2574 21,
2285 2488 2375 2579 5.)

500 2596 1051 2668 Considerandum
1085 2618 1278 2686 porro
1310 2594 1432 2665 boc
1453 2646 1471 2677 ,
1505 2595 1687 2686 quod
1721 2600 1781 2677 Ι,
1816 2606 1889 2678 5,
1935 2605 2046 2682 17,
2083 2601 2382 2671 omnibus

413 2707 962 2790 consentientibus
977 2760 994 2789 ,
1057 2711 1228 2776 Serv,
1276 2707 1591 2799 Sulpicius
1640 2708 2002 2790 indicatur,
2047 2713 2161 2802 qui
2207 2739 2385 2781 nunc

410 2846 678 2892 emma
740 2824 1144 2888 auctoritate
1198 2833 1260 2885 et
1306 2823 1588 2887 seientia
1650 2825 1983 2887 trutinent
2033 2821 2131 2890 ius
2175 2825 2378 2896 civile.

410 2936 577 3004 Haec
624 2933 827 3025 igitur
875 2945 1030 2999 ante
1076 2929 1320 2999 bellum
1357 2929 1540 2997 civile
1572 2929 1808 3020 scripta
1841 2931 1971 2998 sint
2003 2955 2253 3002 necesse
2281 2950 2380 3004 est

411 3043 597 3126 ideo,
641 3043 822 3135 quod
839 3094 858 3125 ,
905 3065 1039 3133 quo
1085 3062 1258 3110 anno
1308 3063 1347 3108 e
1388 3039 1714 3130 provincia
1758 3041 2075 3109 decedens
2105 3046 2380 3114 Romam

406 3157 601 3226 rediit
637 3156 858 3224 Cicero
907 3152 1132 3246 (705),
1178 3177 1251 3221 ea
1291 3151 1418 3220 iam
1467 3152 1598 3220 fuit
1636 3151 1928 3221 omnium
1965 3176 2177 3222 rerum
2222 3179 2378 3248 per-

406 3269 733 3350 turbatio,
779 3281 857 3336 ut
901 3289 981 3336 eo
1008 3265 1146 3356 ipso
1177 3287 1351 3335 anno
1385 3266 1472 3333 sd
1490 3264 1857 3354 Sulpicium
1894 3266 2210 3350 scribens,
2256 3270 2374 3361 qui

404 3395 550 3451 tum
595 3380 730 3472 ipse
778 3379 849 3446 in
893 3379 1059 3446 urbe
1107 3390 1286 3458 erat,
1337 3377 1448 3468 (ad
1505 3375 1640 3444 niv.
1692 3380 1809 3456 IV,
1860 3382 1930 3457 1,
1980 3377 2083 3467 2),
2146 3382 2373 3448 urbem

402 3491 654 3560 ὤσει-εἱ
698 3512 828 3558 esse
876 3494 1024 3555 eine
1073 3490 1366 3580 legibue,
1424 3491 1574 3553 eine
1623 3488 1941 3567 iudiciis,
1986 3492 2135 3554 eim
2177 3495 2367 3574 iure,

401 3628 551 3670 me
572 3604 714 3691 fide
744 3603 1062 3669 relictam
1093 3601 1463 3688 direptioni
1487 3613 1551 3666 et
1580 3600 1929 3666 incendiis.
1993 3599 2182 3671 Mox
2161 3625 2372 3693 ipsum

398 3714 754 3807 Sulpicium
788 3715 954 3782 urhe
995 3711 1240 3781 cessisse
1271 3725 1561 3792 constat,
1609 3725 1679 3780 et
1710 3711 1781 3779 in
1815 3711 2097 3781 exsilium
2130 3713 2367 3798 abisse,

398 3827 471 3895 in
501 3849 673 3918 quo,
718 3827 797 3894 Δ.
834 3831 997 3905 707,
1042 3823 1215 3893 Sami
1241 3846 1308 3892 se
1333 3809 1485 3892 eum
1519 3823 1826 3892 audivisse
1856 3838 2075 3892 narrat
2100 3827 2364 3910 Brutus,

396 3940 579 4007 Brut.
636 3941 753 4018 42,
809 3942 973 4006 156:
1036 3949 1106 4004 et
1156 3949 1291 4004 tam
1339 3936 1425 4003 de
1472 3934 1695 4025 primis
1751 3934 1874 4003 illis
1931 3937 2363 4026 temporibus,

394 4070 596 4140 quam
633 4047 724 4116 de
751 4044 983 4115 secutis
1016 4044 1215 4113 valuit
1248 4044 1346 4126 id,
1383 4045 1561 4136 quod
1592 4045 1811 4115 Cicero
1843 4046 2064 4114 scribit
2097 4048 2183 4114 ad
2214 4072 2361 4118 eum

394 4161 467 4229 Α.
525 4166 659 4232 708
714 4158 829 4250 (ad
879 4156 1009 4225 niv.
1043 4161 1164 4238 IV,
1205 4163 1276 4237 3,
1320 4155 1421 4245 4),
1470 4171 1624 4225 tuae
1671 4162 1988 4225 scientiae
2021 4159 2222 4249 (iuris)
2259 4187 2364 4228 ea·-

1980 4277 2067 4314 ³4*
