3131 5032
1153 416 1293 485 Lm.
1338 410 1438 499 11,
1484 420 1560 500 9,
1607 418 1715 481 22.
2282 419 2408 487 509

465 626 630 690 offic.
672 624 735 685 T.
783 623 864 685 11.
909 643 970 703 p.
1015 620 1134 685 393
1151 669 1172 700 ‚
1223 621 1304 683 de
1343 621 1461 683 hoc
1492 628 1851 702 argumento
1885 618 2148 701 disputat
2181 619 2414 702 Lipsius

466 730 547 791 ad
581 727 762 790 Tacit.
805 726 965 789 Anu.
1005 725 1066 804 1,
1105 724 1206 787 78.

544 834 832 893 incestum
888 861 971 875 -—
1024 824 1364 908 concinno)
1468 828 1696 888 Incesti
1758 826 1847 887 via
1907 826 2087 887 latius
2136 827 2410 907 patebat,

465 954 649 1015 quam
691 934 876 1013 vulgo
915 933 991 993 ab
1039 933 1264 1011 Inttpp.
1297 930 1592 991 traditur:
1637 930 1830 1008 unde,
1856 949 1936 991 ne
1969 932 2086 992 alia
2118 932 2413 1009 excitem,

466 1036 630 1117 apud
662 1037 898 1097 Livium
915 1081 934 1113 ,
964 1035 1030 1096 in
1059 1034 1281 1096 Dianae
1306 1033 1509 1110 sacris,
1550 1035 1769 1094 inceste
1797 1035 2163 1115 sacrificium
2171 1035 2416 1115 facere.-

465 1140 627 1202 conf.
660 1140 849 1202 ssavis·
883 1137 960 1200 ad
995 1139 1136 1218 Cap.
1174 1136 1250 1197 10
1266 1182 1285 1212 ‚
1324 1136 1424 1198 24.
1504 1136 1667 1196 Talia
1700 1156 1811 1215 per
1850 1134 2159 1197 Pontifices
2186 1134 2417 1216 expiari

462 1244 634 1305 solita
665 1244 875 1319 suinae,
914 1242 1137 1320 colligo
1162 1261 1199 1301 e
1221 1238 1813 1316 TacitoAnnaLXH,
1839 1238 1898 1300 8.
1955 1238 2079 1300 Ser.
2106 1239 2415 1316 Fulvium,

464 1346 680 1407 incesti
712 1364 928 1422 reum,
968 1343 1240 1404 defendit
1272 1343 1333 1404 C.
1371 1342 1584 1403 Curio:
1629 1343 1793 1403 Brut.
1830 1341 1947 1418 32,
1992 1341 2128 1404 122.

543 1451 767 1530 impius
798 1469 871 1508 nc
904 1446 1113 1508 ancleto
1145 1444 1252 1526 -)
1329 1445 1524 1506 ninus
1556 1444 1890 1525 prudenter
1922 1443 2419 1525 Wytteubachius

461 1550 616 1611 haec
663 1559 725 1610 et
772 1548 1084 1630 sequentia
1100 1594 1119 1624 ‚
1159 1566 1353 1627 unque
1398 1545 1476 1606 ad
1517 1545 1797 1605 sacrandi
1830 1545 2034 1604 modus
2065 1557 2184 1605 ceto
2199 1592 2219 1622 ,
2258 1545 2420 1606 inter

461 1672 529 1714 ce
562 1672 717 1713 nexa
749 1672 876 1713 ense
908 1650 1240 1713 contendit.
1317 1649 1473 1709 Sunt
1501 1646 1740 1722 omnia,
1777 1647 1934 1707 sicut
1964 1646 2414 1728 descripsimus,

459 1755 795 1836 peculiaria
855 1755 1052 1833 capita
1109 1753 1240 1814 ciue
1297 1750 1483 1832 partie
1538 1749 1759 1810 harum
1814 1749 2022 1829 legum
2038 1795 2058 1827 ,
2115 1770 2273 1830 quae
2322 1751 2417 1811 ius

458 1858 834 1940 pontificium
883 1864 1142 1937 spectat:
1185 1864 1247 1918 et
1293 1854 1362 1914 in
1402 1852 1928 1932 interpretatione,
1982 1852 2119 1933 Cap.
2160 1853 2253 1915 16.
2287 1872 2374 1933 sq.
2394 1898 2415 1930 ‚

457 1962 777 2042 separatim
828 1968 1178 2022 tractantur.
1226 1991 1306 2003 —
1356 1958 1622 2017 Poenam
1667 1957 1881 2016 violati
1925 1956 2080 2014 iuris
2095 2000 2116 2031 ,
2156 1954 2416 2033 intelligi

458 2085 702 2143 veram,
742 2066 785 2125 i.
825 2084 881 2125 e.
928 2064 1236 2139 divinam,
1286 2079 1409 2120 non
1458 2059 1821 2135 humanam,
1875 2065 2122 2138 apparet
2162 2077 2236 2118 ex
2272 2058 2412 2136 Cap.

462 2168 574 2246 17,
614 2167 712 2229 43.
748 2185 868 2246 σφε
921 2166 1204 2226 violatum
1256 2166 1389 2239 ine,
1431 2161 1588 2223 infra
1639 2162 1976 2243 appellatur
2025 2162 2248 2222 violato
2281 2162 2413 2222 reli·

455 2274 564 2353 gio
582 2318 600 2345 ,
666 2272 1019 2350 religionum
1075 2270 1212 2327 iura
1252 2267 1483 2347 polluta
1502 2311 1521 2343 ‚
1579 2267 1895 2348 religiones
1931 2277 2261 2347 prom-aeae
2310 2266 2415 2346 of-

449 2375 796 2453 flictacquc.

546 2475 826 2555 quocirca
886 2491 961 2532 nc
1011 2473 1148 2552 quie
1210 2491 1419 2554 agrum
1477 2469 1584 2550 —)
1676 2469 2065 2550 Agnoverunt
2116 2469 2415 2533 Puteanus

463 2586 526 2639 et
570 2576 872 2652 Davisius,
929 2576 1207 2655 quocirca
1258 2594 1378 2634 non
1433 2591 1556 2633 esee
1616 2572 1801 2633 huius
1853 2573 2004 2649 loci,
2063 2574 2413 2635 translatum

462 2679 711 2741 fortasse
753 2697 832 2738 ex
882 2677 1377 2755 interpretatione
1423 2674 1543 2736 loci
1597 2674 1925 2752 Platonici,
1966 2676 2105 2756 Cap.
2145 2675 2256 2753 18,
2298 2676 2409 2737 45:

463 2781 751 2860 idemque
783 2780 1008 2840 sentire
1040 2779 1285 2839 videtur
1318 2778 1645 2857 Madvigius
1674 2777 2036 2857 Programm.
2073 2779 2235 2840 laud.
2270 2799 2330 2858 p.
2351 2778 2410 2840 4.

464 2891 590 2944 not.
626 2882 686 2944 3.
763 2883 1085 2960 Quumque
1136 2881 1445 2941 omittatur
1499 2880 1570 2940 in
1616 2881 1855 2959 Lagom.
1894 2881 1971 2942 10
1997 2882 2265 2962 (qualem
2299 2901 2413 2942 au-

461 2987 804 3047 ctoritatem
851 2992 1089 3047 secutus
1141 2984 1382 3044 videtur
1430 2982 1787 3064 Victorius),
1825 2984 2090 3064 suspicor
2127 2983 2297 3045 aliud
2327 2984 2412 3045 la·

462 3096 593 3150 tere
643 3088 709 3148 in
757 3107 907 3150 voce
953 3096 1268 3165 corrupta,
1323 3088 1702 3167 poteritque,
1754 3087 1870 3146 nisi
1916 3085 2131 3162 fallor,
2170 3085 2412 3167 probari

458 3194 606 3253 doni
653 3211 827 3274 crgo,
882 3199 954 3250 ut
1004 3190 1215 3252 eadem
1267 3191 1458 3251 forma
1508 3191 1661 3269 legis
1704 3192 1815 3266 eit,
1873 3209 2030 3270 quae
2074 3189 2232 3251 insta
2278 3190 2409 3268 111,

457 3294 534 3372 3,
575 3294 650 3372 9,
688 3296 780 3355 rci
827 3314 970 3354 succ
1016 3314 1152 3375 crgo
1198 3314 1272 3352 ne
1314 3295 1448 3373 quic
1487 3317 1602 3352 —.·
1640 3293 1871 3373 requiri
1900 3301 2102 3355 autem
2128 3303 2279 3373 puto
2310 3315 2412 3355 vo-

459 3396 744 3458 cabulum
799 3415 923 3477 quo
982 3415 1173 3474 genus
1233 3395 1604 3473 significetur
1653 3396 1723 3455 in
1764 3416 1887 3476 quo
1936 3405 2203 3459 versatur
2261 3398 2412 3478 legis

460 3502 821 3578 praeceptio.

541 3600 643 3659 lucc
676 3602 785 3661 loeo
826 3602 990 3662 dam
1023 3603 1192 3663 dicos
1236 3601 1509 3683 habento)
1586 3603 1657 3663 Et
1692 3604 1830 3681 hos,
1872 3612 1963 3681 et,
2003 3604 2168 3684 quod
2206 3604 2271 3664 in
2305 3622 2406 3683 op·

461 3700 623 3761 timis
673 3701 844 3762 libris
892 3702 1148 3781 legitur,
1201 3725 1309 3765 nos
1327 3752 1345 3781 ‚
1397 3706 1605 3766 locum
1639 3705 1816 3767 cedat
1853 3714 2085 3786 oportet
2115 3708 2206 3783 ei,
2246 3706 2411 3786 quod

461 3801 699 3864 dudum
748 3804 865 3863 viri
917 3802 1081 3864 docti
1115 3807 1636 3885 excogitaverunt,
1678 3829 1790 3870 sos.
1872 3808 1986 3869 Sed
2025 3810 2299 3870 Servium
2332 3808 2409 3868 ad

460 3905 611 3967 Aen.
647 3905 724 3982 V,
766 3905 878 3983 47,
919 3906 1118 3966 minus
1167 3916 1331 3978 recte
1382 3911 1631 3989 corrigit
1675 3910 1973 3972 Davisius:
2029 3932 2205 3972 sanus
2243 3911 2408 3970 locus

459 4019 550 4071 cet
566 4055 587 4086 ‚
637 4008 816 4070 modo
863 4010 949 4069 sic
1001 4009 1248 4089 edatur,
1303 4014 1463 4094 opud
1500 4015 1798 4075 Romanos
1836 4015 2108 4095 defuncti
2138 4034 2409 4074 uanum

462 4134 554 4175 mn
585 4137 623 4175 o
643 4115 809 4196 filiis
839 4113 1217 4176 vocabuntur.
1296 4116 1571 4178 Cornelia
1603 4125 1797 4179 mater
1809 4116 2216 4179 Gracchorum
2245 4116 2409 4197 apud
