3131 5032
1111 439 1255 510 Lm.
1299 443 1367 527 1,
1424 445 1533 527 ιτ),
1582 446 1686 512 42.
2240 450 2369 516 397

499 670 650 733 quas
680 651 836 712 scita
867 651 1017 729 sint,
1058 652 1127 709 in
1143 650 1501 732 populorum
1530 651 1830 713 institutis
1864 649 1968 732 —)
2047 651 2379 732 Madvigius

420 752 757 817 Emendatt.
797 774 858 834 p.
909 752 1003 815 12.
1047 774 1136 835 sq.
1181 755 1508 814 rectissime
1556 753 1924 815 demonstrat
1969 757 2090 815 sita
2138 775 2378 835 prorsus

421 861 690 922 alienum
717 877 841 919 esse
866 856 944 917 ab
969 857 1033 917 h.
1058 858 1130 918 l.:
1172 858 1277 918 sed
1308 857 1472 936 quod
1499 856 1645 917 inde
1669 861 1955 936 consequi
1984 858 2376 937 demonstrat,
2415 847 2419 852 ⁵

421 979 627 1043 praep.
663 965 732 1021 in
772 960 1093 1022 delendam
1127 963 1249 1022 &se
1264 1007 1282 1036 ,
1325 981 1446 1021 non
1479 962 1781 1021 assentior.
1863 962 2021 1036 Quid
2057 964 2220 1023 enim
2257 972 2342 1023 est
2359 1008 2378 1039 ‚

422 1068 641 1126 scitum
699 1087 820 1125 esse
860 1064 1075 1146 populi
1119 1063 1458 1124 institutis?
1516 1063 1665 1123 Levi
1714 1071 1946 1124 tantum
1996 1065 2381 1128 distinctione

423 1167 750 1247 separanda
779 1167 932 1227 haee
971 1173 1142 1227 erant
1155 1213 1176 1245 ,
1215 1166 1381 1247 quod
1415 1166 1565 1245 seci3
1606 1167 1906 1246 siquidem
1933 1169 2090 1228 nihil
2115 1172 2230 1230 nisi
2263 1172 2382 1232 hoc

425 1270 651 1332 dicitur
667 1318 686 1348 ,
727 1273 927 1331 omnia
957 1273 1121 1330 iusta
1153 1292 1275 1330 esse
1305 1273 1375 1330 in
1398 1272 1752 1351 populorum
1785 1273 2079 1332 institutis
2104 1285 2208 1333 aut
2241 1275 2383 1356 legi·

425 1375 561 1452 hus,
602 1396 753 1456 quas
784 1377 940 1436 seito
964 1376 1124 1450 sint,
1164 1373 1207 1433 i.
1246 1392 1301 1433 e.
1336 1374 1516 1433 simul
1549 1381 1731 1452 atque
1764 1374 1911 1434 scita
1948 1376 2088 1437 sint.
2120 1409 2202 1421 —
2232 1376 2383 1437 Tum

426 1478 669 1539 fortasse
698 1475 1168 1558 praeferendum
1196 1474 1359 1555 quod
1393 1476 1632 1555 Lagom.
1669 1475 1745 1536 10
1770 1476 1955 1537 habet
1964 1523 1985 1554 ,
2019 1499 2093 1538 ao
2127 1479 2382 1560 legibus.-

429 1600 570 1641 nam
605 1591 711 1640 aut
742 1600 855 1660 pro
886 1590 945 1638 ee
977 1579 1280 1658 accipere,
1321 1585 1392 1637 ut
1424 1578 1785 1638 Goerenzius
1817 1581 1978 1655 vult,
2009 1581 2192 1659 plane
2216 1582 2386 1643 inau-

429 1684 627 1744 ditum
660 1690 766 1743 est.

509 1789 761 1846 etiamne
805 1788 865 1845 si
899 1805 1050 1865 quas
1093 1786 1244 1867 leges
1278 1786 1401 1845 sint
1437 1783 1844 1866 tyrannorum)
1919 1783 2142 1847 Davisii
2174 1788 2389 1847 intem·

427 1890 716 1970 pestivam
745 1889 1183 1949 correctionem
1206 1889 1460 1971 (legibus
1484 1891 1683 1949 etiam.
1734 1889 1867 1965 An,
1891 1892 1950 1949 si
1966 1911 2116 1969 quae
2133 1887 2238 1971 —-)
2253 1892 2391 1958 satis

426 1994 655 2075 respuit
685 1999 960 2053 constans
1001 2005 1144 2052 usus
1188 1991 1630 2052 coniunctionis
1660 1994 1939 2067 etiamne,
1981 1992 2087 2052 nbi
2120 1995 2391 2073 urgenda

428 2104 517 2157 est
567 2095 955 2174 interrogatio
972 2139 991 2171 ,
1049 2094 1206 2154 siout
1252 2094 1422 2154 Tuse.
1476 2091 1552 2169 V,
1594 2092 1691 2154 26.
1739 2093 1874 2156 init.
1910 2094 2171 2175 Philipp.
2207 2096 2387 2175 XIII,

429 2199 504 2276 6,
548 2197 644 2259 14.

511 2302 661 2383 leges
693 2297 1013 2382 imponere)
1090 2299 1166 2360 In
1210 2298 1254 2360 C
1303 2307 1365 2359 et
1403 2302 1442 2358 δ
1481 2307 1670 2360 exstat
1715 2300 1897 2382 legem
1927 2322 2145 2382 ponere
2163 2347 2181 2378 ,
2222 2322 2390 2382 prae·

427 2404 721 2484 positione
753 2403 926 2463 verbi
952 2403 1226 2481 absorpta
1249 2422 1358 2481 per
1382 2402 1624 2462 literam
1648 2423 1725 2461 m.
1809 2402 2017 2482 Neque
2049 2405 2215 2465 enim
2242 2406 2391 2466 hinc

428 2503 619 2588 (quod
651 2504 977 2564 Goerenzio
1007 2501 1262 2584 placuit)
1291 2501 1665 2564 conficienda
1689 2510 1776 2563 est
1806 2504 2081 2567 lectionis
2106 2508 2389 2569 varietas:

428 2609 745 2689 multoque
794 2608 993 2667 minus
1032 2626 1251 2687 ponere
1282 2607 1435 2689 leges
1470 2606 1792 2684 respondet
1830 2608 2057 2670 Graeco
2095 2615 2391 2672 τίθεσθαι

426 2717 635 2790 νόμους
666 2711 904 2794 (iubere
930 2709 1143 2792 leges),
1176 2710 1343 2790 quod
1375 2709 1451 2770 de
1478 2710 1705 2788 populo
1732 2709 1982 2788 dicitur,
2008 2712 2114 2771 sed
2148 2716 2389 2774 neem

428 2840 482 2875 ν.
519 2816 707 2900 (ferre
745 2810 960 2894 leges),
1001 2812 1166 2893 quod
1204 2813 1383 2874 latori
1416 2813 1726 2875 tribuitur.

507 2931 614 2979 aut
642 2920 700 2978 si
736 2938 932 2977 omnes
970 2917 1356 2978 Athenienses
1400 2916 1824 2975 delectarentur
1868 2919 2199 2995 tyrannicis
2240 2921 2393 3001 legi—

431 3022 541 3083 bus
573 3019 680 3102 —)
757 3020 1039 3080 Constans
1088 3019 1239 3080 haec
1280 3027 1368 3079 est
1403 3019 1677 3079 omnium
1709 3018 2006 3080 librorum
2038 3020 2217 3079 lectio
2251 3020 2393 3103 (nisi

429 3125 597 3207 quod
627 3125 692 3186 in
731 3124 966 3185 duobus
1005 3131 1094 3183 est
1126 3124 1387 3182 homines
1407 3168 1424 3198 ‚
1466 3141 1577 3202 pro
1611 3142 1807 3180 omnes
1821 3168 1840 3197 ,
1879 3122 2155 3183 sollemni
2189 3124 2393 3185 varie-

429 3227 597 3309 tate).
695 3227 1104 3288 Nihilominus
1153 3223 1512 3304 languidum
1567 3225 1720 3284 mihi
1772 3225 1837 3283 in
1889 3225 2099 3303 primis
2150 3226 2393 3288 videtur

428 3331 622 3409 illud,
682 3353 876 3391 omnss
926 3328 1337 3389 Athenienses.-
1396 3336 1527 3388 tum
1547 3373 1564 3403 ‚
1624 3345 1816 3406 quum
1865 3328 2110 3407 triginta
2148 3330 2393 3391 illorum

425 3435 591 3515 leges
639 3444 805 3496 certe
856 3433 1203 3515 tyrannicae
1248 3432 1531 3506 fuissent,
1574 3430 1725 3509 quid
1760 3450 1909 3508 opus
1940 3440 2068 3491 erat
2099 3453 2392 3512 quaerere

429 3537 510 3598 de
559 3559 666 3615 eo,
715 3538 765 3598 si
809 3558 1016 3598 omnes
1057 3537 1451 3597 Athenienses
1489 3534 1567 3593 iis
1605 3533 2092 3595 delectarentur?
2132 3535 2391 3614 Tamen,

430 3642 772 3702 memoratis
824 3641 1004 3701 modo
1059 3640 1436 3699 Athenarum
1489 3638 1670 3697 rebus
1686 3684 1704 3713 ,
1764 3658 1840 3697 ex
1890 3638 2103 3698 eadem
2146 3640 2393 3702 civitate

433 3740 604 3801 aliud
652 3744 999 3822 exemplum
1049 3744 1342 3821 attingere
1392 3742 1649 3802 voluisse
1698 3741 1940 3801 videtur
1991 3741 2218 3804 Cicero.
2319 3743 2394 3803 Id

434 3852 635 3905 autem
668 3845 1024 3905 habebimus
1039 3892 1058 3921 ,
1098 3847 1147 3904 si
1180 3845 1274 3927 (ut
1305 3845 1526 3905 millies
1561 3845 1806 3905 nomina
1836 3846 2079 3924 propria
2109 3855 2393 3925 corrupta

432 3955 573 4011 sunt
607 3955 712 4009 aut
758 3947 1096 4028 obliterata)
1135 3949 1533 4026 restituimus,
1576 3959 1681 4007 aut
1717 3950 1775 4006 si
1810 3967 2003 4005 omnes
2035 3946 2397 4007 Athenionis

433 4049 854 4110 delectarentur
885 4060 927 4110 t.
964 4050 1003 4109 1.
1086 4049 1331 4128 Cognita
1380 4058 1467 4110 est
1516 4051 1702 4109 huius
1740 4049 1978 4129 tyranni
2013 4047 2260 4109 historia
2297 4050 2393 4109 vel

431 4172 505 4212 ex
556 4150 871 4213 Posidonio
920 4149 1084 4231 apud
1116 4152 1494 4212 Athenaeum
1532 4149 1600 4215 V.
1639 4170 1701 4229 p.
1740 4148 1880 4210 211.
1920 4148 1981 4210 F.
2013 4166 2141 4229 sqq.
2221 4148 2394 4210 Alius
