<?xml version="1.0" encoding="UTF-8"?>
<!DOCTYPE html PUBLIC "-//W3C//DTD XHTML 1.0 Transitional//EN"
    "http://www.w3.org/TR/xhtml1/DTD/xhtml1-transitional.dtd">
<html xmlns="http://www.w3.org/1999/xhtml" xml:lang="en" lang="en">
 <head>
  <title>
</title>
<meta http-equiv="Content-Type" content="text/html;charset=utf-8" />
  <meta name='ocr-system' content='tesseract 3.04.00' />
  <meta name='ocr-capabilities' content='ocr_page ocr_carea ocr_par ocr_line ocrx_word'/>
</head>
<body>
  <div class='ocr_page' id='page_1' title='image "./mtulliiciceroni02bakegoog_0132.png"; bbox 0 0 3131 5032; ppageno 0'>
   <div class='ocr_carea' id='block_1_1' title="bbox 1436 512 1530 585">
    <p class='ocr_par' dir='ltr' id='par_1_1' title="bbox 1436 512 1530 585">
     <span class='ocr_line' id='line_1_1' title="bbox 1436 512 1530 585; baseline 0.032 -3"><span class='ocrx_word' id='word_1_1' title='bbox 1436 512 1530 585; x_wconf 78' lang='lat'>05</span> 
     </span>
    </p>
   </div>
   <div class='ocr_carea' id='block_1_2' title="bbox 467 698 2595 4054">
    <p class='ocr_par' dir='ltr' id='par_1_2' title="bbox 467 698 2595 4054">
     <span class='ocr_line' id='line_1_2' title="bbox 485 698 2509 823; baseline 0 -30"><span class='ocrx_word' id='word_1_2' title='bbox 485 734 609 793; x_wconf 73' lang='lat' dir='ltr'>aut</span> <span class='ocrx_word' id='word_1_3' title='bbox 658 726 718 792; x_wconf 90' lang='lat' dir='ltr'>si</span> <span class='ocrx_word' id='word_1_4' title='bbox 765 726 994 795; x_wconf 86' lang='lat' dir='ltr'>maior</span> <span class='ocrx_word' id='word_1_5' title='bbox 1038 747 1205 822; x_wconf 84' lang='lat' dir='ltr'>pars</span> <span class='ocrx_word' id='word_1_6' title='bbox 1260 728 1611 823; x_wconf 88' lang='lat' dir='ltr'>pecuniae</span> <span class='ocrx_word' id='word_1_7' title='bbox 1655 724 1895 821; x_wconf 73' lang='lat' dir='ltr'>legata</span> <span class='ocrx_word' id='word_1_8' title='bbox 1945 738 2095 811; x_wconf 76' lang='lat' dir='ltr'>est,</span> <span class='ocrx_word' id='word_1_9' title='bbox 2145 739 2270 796; x_wconf 85' lang='lat' dir='ltr'>aut</span> <span class='ocrx_word' id='word_1_10' title='bbox 2305 731 2325 771; x_wconf 86' lang='lat'><strong>¹</strong></span> <span class='ocrx_word' id='word_1_11' title='bbox 2384 728 2445 794; x_wconf 85' lang='lat' dir='ltr'>si</span> <span class='ocrx_word' id='word_1_12' title='bbox 2496 698 2509 713; x_wconf 52' lang='grc'><strong><em>’</em></strong></span> 
     </span>
     <span class='ocr_line' id='line_1_3' title="bbox 481 840 2595 942; baseline 0.003 -32"><span class='ocrx_word' id='word_1_13' title='bbox 481 840 653 913; x_wconf 90' lang='lat' dir='ltr'>inde</span> <span class='ocrx_word' id='word_1_14' title='bbox 701 845 1078 941; x_wconf 85' lang='lat' dir='ltr'>quippiam</span> <span class='ocrx_word' id='word_1_15' title='bbox 1135 846 1426 942; x_wconf 79' lang='lat' dir='ltr'><strong>ceperit.</strong></span> <span class='ocrx_word' id='word_1_16' title='bbox 1534 842 1675 915; x_wconf 87' lang='lat' dir='ltr'>Sed</span> <span class='ocrx_word' id='word_1_17' title='bbox 1727 840 2147 942; x_wconf 87' lang='lat' dir='ltr'>pontificem</span> <span class='ocrx_word' id='word_1_18' title='bbox 2188 868 2444 940; x_wconf 90' lang='lat' dir='ltr'>sequa·</span> <span class='ocrx_word' id='word_1_19' title='bbox 2506 856 2595 917; x_wconf 74' lang='grc'>50,</span> 
     </span>
     <span class='ocr_line' id='line_1_4' title="bbox 483 960 2441 1062; baseline 0.002 -32"><span class='ocrx_word' id='word_1_20' title='bbox 483 983 669 1032; x_wconf 89' lang='lat' dir='ltr'>mur.</span> <span class='ocrx_word' id='word_1_21' title='bbox 774 961 1048 1035; x_wconf 89' lang='lat' dir='ltr'>Videtis</span> <span class='ocrx_word' id='word_1_22' title='bbox 1086 966 1308 1060; x_wconf 81' lang='lat' dir='ltr'>igitur</span> <span class='ocrx_word' id='word_1_23' title='bbox 1338 962 1589 1035; x_wconf 64' lang='lat' dir='ltr'>&#39;omnia</span> <span class='ocrx_word' id='word_1_24' title='bbox 1625 960 1943 1062; x_wconf 88' lang='lat' dir='ltr'>pendere</span> <span class='ocrx_word' id='word_1_25' title='bbox 1982 987 2069 1034; x_wconf 85' lang='lat' dir='ltr'>ex</span> <span class='ocrx_word' id='word_1_26' title='bbox 2100 989 2248 1034; x_wconf 88' lang='lat' dir='ltr'>uno</span> <span class='ocrx_word' id='word_1_27' title='bbox 2282 964 2441 1051; x_wconf 88' lang='lat' dir='ltr'>illo,</span> 
     </span>
     <span class='ocr_line' id='line_1_5' title="bbox 481 1077 2441 1180; baseline 0.002 -32"><span class='ocrx_word' id='word_1_28' title='bbox 481 1077 684 1174; x_wconf 90' lang='lat' dir='ltr'>quod</span> <span class='ocrx_word' id='word_1_29' title='bbox 718 1078 1099 1179; x_wconf 91' lang='lat' dir='ltr'>pontifices</span> <span class='ocrx_word' id='word_1_30' title='bbox 1131 1084 1439 1179; x_wconf 88' lang='lat' dir='ltr'>pecunia</span> <span class='ocrx_word' id='word_1_31' title='bbox 1474 1105 1671 1153; x_wconf 86' lang='lat' dir='ltr'>sacra</span> <span class='ocrx_word' id='word_1_32' title='bbox 1700 1090 1727 1129; x_wconf 87' lang='lat'>²</span> <span class='ocrx_word' id='word_1_33' title='bbox 1770 1084 2116 1180; x_wconf 88' lang='lat' dir='ltr'>coniungi</span> <span class='ocrx_word' id='word_1_34' title='bbox 2157 1081 2441 1172; x_wconf 82' lang='lat' dir='ltr'>volunt,</span> 
     </span>
     <span class='ocr_line' id='line_1_6' title="bbox 478 1197 2443 1299; baseline 0.003 -32"><span class='ocrx_word' id='word_1_35' title='bbox 478 1197 878 1295; x_wconf 84' lang='lat' dir='ltr'><strong>iisdemque</strong></span> <span class='ocrx_word' id='word_1_36' title='bbox 924 1198 1136 1272; x_wconf 87' lang='lat' dir='ltr'>ferias</span> <span class='ocrx_word' id='word_1_37' title='bbox 1187 1213 1259 1271; x_wconf 91' lang='lat' dir='ltr'>et</span> <span class='ocrx_word' id='word_1_38' title='bbox 1305 1203 1728 1273; x_wconf 79' lang='lat' dir='ltr'>cerimonias</span> <span class='ocrx_word' id='word_1_39' title='bbox 1767 1199 2270 1273; x_wconf 89' lang='lat' dir='ltr'>adscribendas</span> <span class='ocrx_word' id='word_1_40' title='bbox 2308 1225 2443 1299; x_wconf 90' lang='lat' dir='ltr'>pu-</span> 
     </span>
     <span class='ocr_line' id='line_1_7' title="bbox 478 1318 2441 1416; baseline 0.002 -29"><span class='ocrx_word' id='word_1_41' title='bbox 478 1331 656 1391; x_wconf 88' lang='lat' dir='ltr'>tant.</span> <span class='ocrx_word' id='word_1_42' title='bbox 754 1323 992 1416; x_wconf 83' lang='lat' dir='ltr'>Atque</span> <span class='ocrx_word' id='word_1_43' title='bbox 1023 1322 1242 1391; x_wconf 88' lang='lat' dir='ltr'>etiam</span> <span class='ocrx_word' id='word_1_44' title='bbox 1276 1318 1451 1390; x_wconf 88' lang='lat' dir='ltr'>dant</span> <span class='ocrx_word' id='word_1_45' title='bbox 1486 1319 1630 1392; x_wconf 90' lang='lat' dir='ltr'>hoc</span> <span class='ocrx_word' id='word_1_46' title='bbox 1661 1319 2065 1408; x_wconf 85' lang='lat' dir='ltr'>Scaevolae,</span> <span class='ocrx_word' id='word_1_47' title='bbox 2096 1319 2297 1416; x_wconf 86' lang='lat' dir='ltr'>quod</span> <span class='ocrx_word' id='word_1_48' title='bbox 2331 1334 2441 1393; x_wconf 87' lang='lat' dir='ltr'>est</span> 
     </span>
     <span class='ocr_line' id='line_1_8' title="bbox 478 1438 2440 1539; baseline 0.003 -31"><span class='ocrx_word' id='word_1_49' title='bbox 478 1440 807 1536; x_wconf 85' lang='lat' dir='ltr'>partitio:</span> <span class='ocrx_word' id='word_1_50' title='bbox 877 1451 995 1526; x_wconf 92' lang='lat' dir='ltr'>ut,</span> <span class='ocrx_word' id='word_1_51' title='bbox 1067 1441 1128 1508; x_wconf 81' lang='lat' dir='ltr'>si</span> <span class='ocrx_word' id='word_1_52' title='bbox 1179 1439 1255 1509; x_wconf 91' lang='lat' dir='ltr'>in</span> <span class='ocrx_word' id='word_1_53' title='bbox 1307 1450 1739 1510; x_wconf 86' lang='lat' dir='ltr'>testamento</span> <span class='ocrx_word' id='word_1_54' title='bbox 1799 1438 2111 1510; x_wconf 88' lang='lat' dir='ltr'>deducta</span> <span class='ocrx_word' id='word_1_55' title='bbox 2170 1443 2440 1539; x_wconf 84' lang='lat' dir='ltr'>scripta</span> 
     </span>
     <span class='ocr_line' id='line_1_9' title="bbox 478 1559 2441 1656; baseline 0.003 -30"><span class='ocrx_word' id='word_1_56' title='bbox 478 1580 626 1627; x_wconf 86' lang='lat' dir='ltr'>non</span> <span class='ocrx_word' id='word_1_57' title='bbox 667 1561 789 1647; x_wconf 90' lang='lat' dir='ltr'>sit,</span> <span class='ocrx_word' id='word_1_58' title='bbox 842 1559 1127 1655; x_wconf 82' lang='lat' dir='ltr'>ipsique</span> <span class='ocrx_word' id='word_1_59' title='bbox 1179 1560 1417 1628; x_wconf 88' lang='lat' dir='ltr'>minus</span> <span class='ocrx_word' id='word_1_60' title='bbox 1453 1561 1778 1656; x_wconf 87' lang='lat' dir='ltr'>ceperint</span> <span class='ocrx_word' id='word_1_61' title='bbox 1828 1583 2049 1654; x_wconf 88' lang='lat' dir='ltr'>quam</span> <span class='ocrx_word' id='word_1_62' title='bbox 2096 1559 2441 1631; x_wconf 87' lang='lat' dir='ltr'>omnibus</span> 
     </span>
     <span class='ocr_line' id='line_1_10' title="bbox 480 1675 2438 1774; baseline 0 -27"><span class='ocrx_word' id='word_1_63' title='bbox 480 1675 867 1748; x_wconf 86' lang='lat' dir='ltr'>heredibus</span> <span class='ocrx_word' id='word_1_64' title='bbox 915 1675 1396 1772; x_wconf 82' lang='lat' dir='ltr'>relinquatur,</span> <span class='ocrx_word' id='word_1_65' title='bbox 1446 1679 1663 1748; x_wconf 87' lang='lat' dir='ltr'>sacris</span> <span class='ocrx_word' id='word_1_66' title='bbox 1712 1700 1803 1746; x_wconf 89' lang='lat' dir='ltr'>ne</span> <span class='ocrx_word' id='word_1_67' title='bbox 1844 1676 2244 1774; x_wconf 84' lang='lat' dir='ltr'>alligentur.</span> <span class='ocrx_word' id='word_1_68' title='bbox 2352 1682 2438 1748; x_wconf 89' lang='lat' dir='ltr'>In</span> 
     </span>
     <span class='ocr_line' id='line_1_11' title="bbox 475 1793 2439 1894; baseline 0.002 -28"><span class='ocrx_word' id='word_1_69' title='bbox 475 1794 869 1868; x_wconf 88' lang='lat' dir='ltr'>donatione</span> <span class='ocrx_word' id='word_1_70' title='bbox 936 1794 1079 1865; x_wconf 90' lang='lat' dir='ltr'>hoc</span> <span class='ocrx_word' id='word_1_71' title='bbox 1146 1793 1360 1866; x_wconf 89' lang='lat' dir='ltr'>iidem</span> <span class='ocrx_word' id='word_1_72' title='bbox 1420 1819 1627 1867; x_wconf 89' lang='lat' dir='ltr'>secus</span> <span class='ocrx_word' id='word_1_73' title='bbox 1697 1798 2297 1894; x_wconf 66' lang='lat' dir='ltr'>interpretantur,</span> <span class='ocrx_word' id='word_1_74' title='bbox 2366 1811 2439 1869; x_wconf 91' lang='lat' dir='ltr'>et</span> 
     </span>
     <span class='ocr_line' id='line_1_12' title="bbox 476 1913 2440 2014; baseline 0.001 -28"><span class='ocrx_word' id='word_1_75' title='bbox 476 1915 677 2013; x_wconf 91' lang='lat' dir='ltr'>quod</span> <span class='ocrx_word' id='word_1_76' title='bbox 702 1913 1205 2013; x_wconf 84' lang='lat' dir='ltr'>paterfamilias</span> <span class='ocrx_word' id='word_1_77' title='bbox 1234 1918 1309 1985; x_wconf 91' lang='lat' dir='ltr'>in</span> <span class='ocrx_word' id='word_1_78' title='bbox 1334 1917 1489 1989; x_wconf 88' lang='lat' dir='ltr'>eius</span> <span class='ocrx_word' id='word_1_79' title='bbox 1511 1913 1935 2004; x_wconf 89' lang='lat' dir='ltr'>donatione,</span> <span class='ocrx_word' id='word_1_80' title='bbox 1968 1919 2097 2011; x_wconf 91' lang='lat' dir='ltr'>qui</span> <span class='ocrx_word' id='word_1_81' title='bbox 2117 1919 2192 1985; x_wconf 88' lang='lat' dir='ltr'>in</span> <span class='ocrx_word' id='word_1_82' title='bbox 2215 1918 2440 2014; x_wconf 81' lang='lat' dir='ltr'>ipsius</span> 
     </span>
     <span class='ocr_line' id='line_1_13' title="bbox 476 2034 2438 2135; baseline -0.001 -28"><span class='ocrx_word' id='word_1_83' title='bbox 476 2049 831 2135; x_wconf 86' lang='lat' dir='ltr'>potestate</span> <span class='ocrx_word' id='word_1_84' title='bbox 866 2049 1089 2123; x_wconf 90' lang='lat' dir='ltr'>esset,</span> <span class='ocrx_word' id='word_1_85' title='bbox 1138 2034 1600 2133; x_wconf 83' lang='lat' dir='ltr'>approbavit,</span> <span class='ocrx_word' id='word_1_86' title='bbox 1653 2050 1885 2106; x_wconf 86' lang='lat' dir='ltr'>ratum</span> <span class='ocrx_word' id='word_1_87' title='bbox 1923 2049 2063 2125; x_wconf 87' lang='lat' dir='ltr'>est;</span> <span class='ocrx_word' id='word_1_88' title='bbox 2111 2034 2313 2131; x_wconf 91' lang='lat' dir='ltr'>quod</span> <span class='ocrx_word' id='word_1_89' title='bbox 2349 2059 2438 2106; x_wconf 93' lang='lat' dir='ltr'>eo</span> 
     </span>
     <span class='ocr_line' id='line_1_14' title="bbox 475 2153 2437 2254; baseline -0.002 -27"><span class='ocrx_word' id='word_1_90' title='bbox 475 2160 825 2228; x_wconf 87' lang='lat' dir='ltr'>insciente</span> <span class='ocrx_word' id='word_1_91' title='bbox 897 2154 1167 2227; x_wconf 83' lang='lat' dir='ltr'>sactum</span> <span class='ocrx_word' id='word_1_92' title='bbox 1237 2168 1375 2244; x_wconf 90' lang='lat' dir='ltr'>est,</span> <span class='ocrx_word' id='word_1_93' title='bbox 1445 2158 1506 2225; x_wconf 88' lang='lat' dir='ltr'>si</span> <span class='ocrx_word' id='word_1_94' title='bbox 1559 2154 1636 2225; x_wconf 81' lang='lat' dir='ltr'>id</span> <span class='ocrx_word' id='word_1_95' title='bbox 1706 2158 1764 2226; x_wconf 88' lang='lat' dir='ltr'>is</span> <span class='ocrx_word' id='word_1_96' title='bbox 1838 2179 1987 2226; x_wconf 91' lang='lat' dir='ltr'>non</span> <span class='ocrx_word' id='word_1_97' title='bbox 2052 2153 2437 2254; x_wconf 86' lang='lat' dir='ltr'>approbat,</span> 
     </span>
     <span class='ocr_line' id='line_1_15' title="bbox 475 2261 2594 2373; baseline -0.001 -24"><span class='ocrx_word' id='word_1_98' title='bbox 475 2290 713 2349; x_wconf 84' lang='lat' dir='ltr'>ratum</span> <span class='ocrx_word' id='word_1_99' title='bbox 768 2301 917 2347; x_wconf 91' lang='lat' dir='ltr'>non</span> <span class='ocrx_word' id='word_1_100' title='bbox 974 2288 1103 2347; x_wconf 86' lang='lat' dir='ltr'>est.</span> <span class='ocrx_word' id='word_1_101' title='bbox 1221 2278 1344 2345; x_wconf 90' lang='lat' dir='ltr'>His</span> <span class='ocrx_word' id='word_1_102' title='bbox 1399 2278 1794 2373; x_wconf 87' lang='lat' dir='ltr'>propositis</span> <span class='ocrx_word' id='word_1_103' title='bbox 1846 2275 2436 2370; x_wconf 88' lang='lat' dir='ltr'>quaestiunculae</span> <span class='ocrx_word' id='word_1_104' title='bbox 2504 2261 2594 2323; x_wconf 74' lang='lat'>⁵¹·</span> 
     </span>
     <span class='ocr_line' id='line_1_16' title="bbox 474 2394 2434 2490; baseline 0.001 -24"><span class='ocrx_word' id='word_1_105' title='bbox 474 2396 741 2468; x_wconf 90' lang='lat' dir='ltr'>multae</span> <span class='ocrx_word' id='word_1_106' title='bbox 802 2407 1235 2480; x_wconf 85' lang='lat' dir='ltr'>nascuntur,</span> <span class='ocrx_word' id='word_1_107' title='bbox 1304 2418 1485 2490; x_wconf 86' lang='lat' dir='ltr'>quas</span> <span class='ocrx_word' id='word_1_108' title='bbox 1546 2397 1675 2490; x_wconf 88' lang='lat' dir='ltr'>qui</span> <span class='ocrx_word' id='word_1_109' title='bbox 1732 2394 2081 2490; x_wconf 84' lang='lat' dir='ltr'>intelligat</span> <span class='ocrx_word' id='word_1_110' title='bbox 2131 2420 2319 2485; x_wconf 91' lang='lat' dir='ltr'>non,</span> <span class='ocrx_word' id='word_1_111' title='bbox 2372 2399 2434 2467; x_wconf 87' lang='lat' dir='ltr'>si</span> 
     </span>
     <span class='ocr_line' id='line_1_17' title="bbox 472 2511 2436 2616; baseline -0.002 -27"><span class='ocrx_word' id='word_1_112' title='bbox 472 2514 559 2589; x_wconf 90' lang='lat' dir='ltr'>ad</span> <span class='ocrx_word' id='word_1_113' title='bbox 606 2532 824 2615; x_wconf 88' lang='lat' dir='ltr'>caput</span> <span class='ocrx_word' id='word_1_114' title='bbox 874 2513 1167 2605; x_wconf 85' lang='lat' dir='ltr'>referat,</span> <span class='ocrx_word' id='word_1_115' title='bbox 1218 2539 1350 2614; x_wconf 88' lang='lat' dir='ltr'>per</span> <span class='ocrx_word' id='word_1_116' title='bbox 1399 2539 1475 2586; x_wconf 90' lang='lat' dir='ltr'>se</span> <span class='ocrx_word' id='word_1_117' title='bbox 1534 2518 1689 2613; x_wconf 86' lang='lat' dir='ltr'>ipse</span> <span class='ocrx_word' id='word_1_118' title='bbox 1738 2511 1943 2587; x_wconf 88' lang='lat' dir='ltr'>facile</span> <span class='ocrx_word' id='word_1_119' title='bbox 2006 2516 2436 2616; x_wconf 80' lang='lat' dir='ltr'>perspiciat?</span> 
     </span>
     <span class='ocr_line' id='line_1_18' title="bbox 470 2635 2427 2733; baseline 0 -27"><span class='ocrx_word' id='word_1_120' title='bbox 470 2636 711 2708; x_wconf 86' lang='lat' dir='ltr'>Veluti</span> <span class='ocrx_word' id='word_1_121' title='bbox 744 2639 804 2706; x_wconf 88' lang='lat' dir='ltr'>si</span> <span class='ocrx_word' id='word_1_122' title='bbox 834 2638 1074 2706; x_wconf 90' lang='lat' dir='ltr'>minus</span> <span class='ocrx_word' id='word_1_123' title='bbox 1101 2639 1265 2732; x_wconf 91' lang='lat' dir='ltr'>quis</span> <span class='ocrx_word' id='word_1_124' title='bbox 1296 2637 1598 2733; x_wconf 87' lang='lat' dir='ltr'>cepisset</span> <span class='ocrx_word' id='word_1_125' title='bbox 1631 2659 1722 2706; x_wconf 91' lang='lat' dir='ltr'>ne</span> <span class='ocrx_word' id='word_1_126' title='bbox 1746 2637 1960 2706; x_wconf 87' lang='lat' dir='ltr'>sacris</span> <span class='ocrx_word' id='word_1_127' title='bbox 1987 2635 2427 2733; x_wconf 83' lang='lat' dir='ltr'>alligaretur,</span> 
     </span>
     <span class='ocr_line' id='line_1_19' title="bbox 473 2752 2427 2855; baseline 0 -28"><span class='ocrx_word' id='word_1_128' title='bbox 473 2779 558 2827; x_wconf 88' lang='lat' dir='ltr'>ac</span> <span class='ocrx_word' id='word_1_129' title='bbox 603 2769 768 2855; x_wconf 90' lang='lat' dir='ltr'>post</span> <span class='ocrx_word' id='word_1_130' title='bbox 812 2755 904 2827; x_wconf 93' lang='lat' dir='ltr'>de</span> <span class='ocrx_word' id='word_1_131' title='bbox 944 2758 1099 2826; x_wconf 90' lang='lat' dir='ltr'>eius</span> <span class='ocrx_word' id='word_1_132' title='bbox 1148 2753 1543 2826; x_wconf 88' lang='lat' dir='ltr'>heredibus</span> <span class='ocrx_word' id='word_1_133' title='bbox 1582 2752 1839 2850; x_wconf 89' lang='lat' dir='ltr'>aliquis</span> <span class='ocrx_word' id='word_1_134' title='bbox 1888 2758 2236 2850; x_wconf 84' lang='lat' dir='ltr'>exegisset</span> <span class='ocrx_word' id='word_1_135' title='bbox 2288 2775 2427 2854; x_wconf 86' lang='lat' dir='ltr'>pro</span> 
     </span>
     <span class='ocr_line' id='line_1_20' title="bbox 475 2872 2425 2974; baseline -0.001 -27"><span class='ocrx_word' id='word_1_136' title='bbox 475 2899 600 2947; x_wconf 85' lang='lat' dir='ltr'>sua</span> <span class='ocrx_word' id='word_1_137' title='bbox 636 2890 836 2974; x_wconf 91' lang='lat' dir='ltr'>parte</span> <span class='ocrx_word' id='word_1_138' title='bbox 875 2874 980 2963; x_wconf 90' lang='lat' dir='ltr'>id,</span> <span class='ocrx_word' id='word_1_139' title='bbox 1012 2872 1213 2971; x_wconf 90' lang='lat' dir='ltr'>quod</span> <span class='ocrx_word' id='word_1_140' title='bbox 1250 2873 1345 2945; x_wconf 87' lang='lat' dir='ltr'>ab</span> <span class='ocrx_word' id='word_1_141' title='bbox 1381 2897 1502 2962; x_wconf 91' lang='lat' dir='ltr'>e0,</span> <span class='ocrx_word' id='word_1_142' title='bbox 1536 2876 1743 2944; x_wconf 85' lang='lat' dir='ltr'>cuius</span> <span class='ocrx_word' id='word_1_143' title='bbox 1777 2876 1925 2970; x_wconf 89' lang='lat' dir='ltr'>ipse</span> <span class='ocrx_word' id='word_1_144' title='bbox 1967 2873 2173 2945; x_wconf 88' lang='lat' dir='ltr'>heres</span> <span class='ocrx_word' id='word_1_145' title='bbox 2206 2889 2425 2965; x_wconf 87' lang='lat' dir='ltr'>esset,</span> 
     </span>
     <span class='ocr_line' id='line_1_21' title="bbox 472 2990 2430 3093; baseline -0.002 -27"><span class='ocrx_word' id='word_1_146' title='bbox 472 2997 1054 3093; x_wconf 85' lang='lat' dir='ltr'>praetermissum</span> <span class='ocrx_word' id='word_1_147' title='bbox 1114 2990 1397 3080; x_wconf 88' lang='lat' dir='ltr'>fuisset,</span> <span class='ocrx_word' id='word_1_148' title='bbox 1456 3014 1684 3086; x_wconf 90' lang='lat' dir='ltr'>eaque</span> <span class='ocrx_word' id='word_1_149' title='bbox 1732 2993 2039 3088; x_wconf 89' lang='lat' dir='ltr'>pecunia</span> <span class='ocrx_word' id='word_1_150' title='bbox 2090 3015 2239 3061; x_wconf 90' lang='lat' dir='ltr'>non</span> <span class='ocrx_word' id='word_1_151' title='bbox 2296 2996 2430 3063; x_wconf 89' lang='lat' dir='ltr'>mi-</span> 
     </span>
     <span class='ocr_line' id='line_1_22' title="bbox 472 3113 2422 3210; baseline -0.001 -25"><span class='ocrx_word' id='word_1_152' title='bbox 472 3138 610 3186; x_wconf 87' lang='lat' dir='ltr'>nor</span> <span class='ocrx_word' id='word_1_153' title='bbox 653 3126 838 3186; x_wconf 89' lang='lat' dir='ltr'>esset</span> <span class='ocrx_word' id='word_1_154' title='bbox 894 3113 1076 3186; x_wconf 69' lang='lat' dir='ltr'>facta</span> <span class='ocrx_word' id='word_1_155' title='bbox 1145 3137 1312 3184; x_wconf 91' lang='lat' dir='ltr'>cum</span> <span class='ocrx_word' id='word_1_156' title='bbox 1360 3114 1732 3210; x_wconf 85' lang='lat' dir='ltr'>superiore</span> <span class='ocrx_word' id='word_1_157' title='bbox 1776 3113 2146 3182; x_wconf 84' lang='lat' dir='ltr'>exactione</span> <span class='ocrx_word' id='word_1_158' title='bbox 2206 3136 2422 3207; x_wconf 90' lang='lat' dir='ltr'>quam</span> 
     </span>
     <span class='ocr_line' id='line_1_23' title="bbox 470 3229 2435 3330; baseline -0.002 -25"><span class='ocrx_word' id='word_1_159' title='bbox 470 3232 861 3307; x_wconf 84' lang='lat' dir='ltr'>heredibus</span> <span class='ocrx_word' id='word_1_160' title='bbox 898 3231 1241 3304; x_wconf 90' lang='lat' dir='ltr'>omnibus</span> <span class='ocrx_word' id='word_1_161' title='bbox 1288 3245 1473 3304; x_wconf 88' lang='lat' dir='ltr'>esset</span> <span class='ocrx_word' id='word_1_162' title='bbox 1507 3229 1788 3320; x_wconf 80' lang='lat' dir='ltr'>relicta,</span> <span class='ocrx_word' id='word_1_163' title='bbox 1839 3233 1971 3327; x_wconf 88' lang='lat' dir='ltr'>qui</span> <span class='ocrx_word' id='word_1_164' title='bbox 2011 3254 2169 3303; x_wconf 89' lang='lat' dir='ltr'>eam</span> <span class='ocrx_word' id='word_1_165' title='bbox 2206 3256 2435 3330; x_wconf 90' lang='lat' dir='ltr'>pecu-.</span> 
     </span>
     <span class='ocr_line' id='line_1_24' title="bbox 467 3350 2422 3450; baseline 0 -24"><span class='ocrx_word' id='word_1_166' title='bbox 467 3359 664 3426; x_wconf 87' lang='lat' dir='ltr'>niam</span> <span class='ocrx_word' id='word_1_167' title='bbox 725 3357 1069 3450; x_wconf 84' lang='lat' dir='ltr'>exegisset</span> <span class='ocrx_word' id='word_1_168' title='bbox 1126 3352 1362 3423; x_wconf 86' lang='lat' dir='ltr'>solum</span> <span class='ocrx_word' id='word_1_169' title='bbox 1416 3355 1556 3422; x_wconf 90' lang='lat' dir='ltr'>nisi</span> <span class='ocrx_word' id='word_1_170' title='bbox 1583 3358 1608 3397; x_wconf 80' lang='lat'><strong>⁸</strong></span> <span class='ocrx_word' id='word_1_171' title='bbox 1666 3350 2146 3423; x_wconf 89' lang='lat' dir='ltr'>coheredibus</span> <span class='ocrx_word' id='word_1_172' title='bbox 2205 3357 2422 3426; x_wconf 85' lang='lat' dir='ltr'>sacris</span> 
     </span>
     <span class='ocr_line' id='line_1_25' title="bbox 467 3471 2425 3572; baseline -0.001 -25"><span class='ocrx_word' id='word_1_173' title='bbox 467 3475 755 3572; x_wconf 87' lang='lat' dir='ltr'>alligari.</span> <span class='ocrx_word' id='word_1_174' title='bbox 854 3476 1050 3564; x_wconf 88' lang='lat' dir='ltr'>Quin</span> <span class='ocrx_word' id='word_1_175' title='bbox 1096 3475 1314 3544; x_wconf 87' lang='lat' dir='ltr'>etiam</span> <span class='ocrx_word' id='word_1_176' title='bbox 1361 3484 1614 3543; x_wconf 85' lang='lat' dir='ltr'>cavent</span> <span class='ocrx_word' id='word_1_177' title='bbox 1671 3483 1790 3560; x_wconf 88' lang='lat' dir='ltr'>ut,</span> <span class='ocrx_word' id='word_1_178' title='bbox 1850 3474 1966 3541; x_wconf 88' lang='lat' dir='ltr'>cui</span> <span class='ocrx_word' id='word_1_179' title='bbox 2024 3471 2186 3570; x_wconf 88' lang='lat' dir='ltr'>plus</span> <span class='ocrx_word' id='word_1_180' title='bbox 2236 3472 2425 3569; x_wconf 88' lang='lat' dir='ltr'>lega·</span> 
     </span>
     <span class='ocr_line' id='line_1_26' title="bbox 472 3589 2425 3691; baseline -0.001 -25"><span class='ocrx_word' id='word_1_181' title='bbox 472 3609 627 3666; x_wconf 90' lang='lat' dir='ltr'>tum</span> <span class='ocrx_word' id='word_1_182' title='bbox 666 3598 760 3665; x_wconf 89' lang='lat' dir='ltr'>sit</span> <span class='ocrx_word' id='word_1_183' title='bbox 796 3618 1016 3690; x_wconf 92' lang='lat' dir='ltr'>quam</span> <span class='ocrx_word' id='word_1_184' title='bbox 1051 3596 1206 3664; x_wconf 89' lang='lat' dir='ltr'>sine</span> <span class='ocrx_word' id='word_1_185' title='bbox 1244 3590 1590 3687; x_wconf 87' lang='lat' dir='ltr'>religione</span> <span class='ocrx_word' id='word_1_186' title='bbox 1630 3613 1885 3688; x_wconf 87' lang='lat' dir='ltr'>capere</span> <span class='ocrx_word' id='word_1_187' title='bbox 1917 3589 2161 3680; x_wconf 86' lang='lat' dir='ltr'>liceat,</span> <span class='ocrx_word' id='word_1_188' title='bbox 2198 3594 2257 3663; x_wconf 86' lang='lat' dir='ltr'>is</span> <span class='ocrx_word' id='word_1_189' title='bbox 2292 3617 2425 3691; x_wconf 89' lang='lat' dir='ltr'>per</span> 
     </span>
     <span class='ocr_line' id='line_1_27' title="bbox 469 3710 2422 3811; baseline -0.002 -23"><span class='ocrx_word' id='word_1_190' title='bbox 469 3741 588 3788; x_wconf 86' lang='lat' dir='ltr'>aes</span> <span class='ocrx_word' id='word_1_191' title='bbox 638 3729 713 3787; x_wconf 90' lang='lat' dir='ltr'>et</span> <span class='ocrx_word' id='word_1_192' title='bbox 763 3714 1021 3788; x_wconf 88' lang='lat' dir='ltr'>libram</span> <span class='ocrx_word' id='word_1_193' title='bbox 1076 3711 1420 3785; x_wconf 89' lang='lat' dir='ltr'>heredem</span> <span class='ocrx_word' id='word_1_194' title='bbox 1476 3715 1886 3783; x_wconf 89' lang='lat' dir='ltr'>testamenti</span> <span class='ocrx_word' id='word_1_195' title='bbox 1939 3710 2193 3802; x_wconf 88' lang='lat' dir='ltr'>solvat,</span> <span class='ocrx_word' id='word_1_196' title='bbox 2253 3736 2422 3811; x_wconf 86' lang='lat' dir='ltr'>pro-</span> 
     </span>
     <span class='ocr_line' id='line_1_28' title="bbox 467 3830 2422 3935; baseline -0.002 -27"><span class='ocrx_word' id='word_1_197' title='bbox 467 3850 716 3935; x_wconf 88' lang='lat' dir='ltr'>pterea</span> <span class='ocrx_word' id='word_1_198' title='bbox 745 3833 948 3932; x_wconf 88' lang='lat' dir='ltr'>quod</span> <span class='ocrx_word' id='word_1_199' title='bbox 974 3858 1064 3906; x_wconf 92' lang='lat' dir='ltr'>eo</span> <span class='ocrx_word' id='word_1_200' title='bbox 1095 3832 1258 3904; x_wconf 90' lang='lat' dir='ltr'>loco</span> <span class='ocrx_word' id='word_1_201' title='bbox 1293 3855 1407 3903; x_wconf 84' lang='lat' dir='ltr'>res</span> <span class='ocrx_word' id='word_1_202' title='bbox 1441 3844 1582 3920; x_wconf 88' lang='lat' dir='ltr'>est,</span> <span class='ocrx_word' id='word_1_203' title='bbox 1614 3834 1712 3904; x_wconf 88' lang='lat' dir='ltr'>ita</span> <span class='ocrx_word' id='word_1_204' title='bbox 1738 3831 1972 3906; x_wconf 90' lang='lat' dir='ltr'>soluta</span> <span class='ocrx_word' id='word_1_205' title='bbox 1994 3830 2422 3925; x_wconf 83' lang='lat' dir='ltr'>hereditate,</span> 
     </span>
     <span class='ocr_line' id='line_1_29' title="bbox 468 3951 1817 4054; baseline -0.006 -27"><span class='ocrx_word' id='word_1_206' title='bbox 468 3957 675 4052; x_wconf 85' lang='lat' dir='ltr'>quasi</span> <span class='ocrx_word' id='word_1_207' title='bbox 712 3965 794 4026; x_wconf 87' lang='lat' dir='ltr'>ea</span> <span class='ocrx_word' id='word_1_208' title='bbox 826 3957 1133 4054; x_wconf 89' lang='lat' dir='ltr'>pecunia</span> <span class='ocrx_word' id='word_1_209' title='bbox 1172 3951 1397 4048; x_wconf 85' lang='lat' dir='ltr'>legata</span> <span class='ocrx_word' id='word_1_210' title='bbox 1436 3973 1582 4021; x_wconf 91' lang='lat' dir='ltr'>non</span> <span class='ocrx_word' id='word_1_211' title='bbox 1612 3963 1817 4021; x_wconf 90' lang='lat' dir='ltr'>esset.</span> 
     </span>
    </p>
   </div>
   <div class='ocr_carea' id='block_1_3' title="bbox 468 4136 540 4144">
    <p class='ocr_par' dir='ltr' id='par_1_3' title="bbox 468 4136 540 4144">
     <span class='ocr_line' id='line_1_30' title="bbox 468 4136 540 4144; baseline -0.014 0"><span class='ocrx_word' id='word_1_212' title='bbox 468 4136 540 4144; x_wconf 67' lang='grc' dir='ltr'>σι.-</span> 
     </span>
    </p>
   </div>
   <div class='ocr_carea' id='block_1_4' title="bbox 534 4218 1719 4289">
    <p class='ocr_par' dir='ltr' id='par_1_4' title="bbox 534 4218 1719 4289">
     <span class='ocr_line' id='line_1_31' title="bbox 534 4218 1719 4289; baseline -0.003 -17"><span class='ocrx_word' id='word_1_213' title='bbox 534 4224 547 4259; x_wconf 84' lang='lat'><strong>¹</strong></span> <span class='ocrx_word' id='word_1_214' title='bbox 587 4237 692 4272; x_wconf 69' lang='lat' dir='ltr'>oon.</span> <span class='ocrx_word' id='word_1_215' title='bbox 727 4232 834 4273; x_wconf 74' lang='lat' dir='ltr'>unt.</span> <span class='ocrx_word' id='word_1_216' title='bbox 906 4221 928 4257; x_wconf 79' lang='lat'>¹</span> <span class='ocrx_word' id='word_1_217' title='bbox 965 4221 1240 4289; x_wconf 73' lang='lat' dir='ltr'>pecuniam</span> <span class='ocrx_word' id='word_1_218' title='bbox 1278 4220 1449 4271; x_wconf 70' lang='lat' dir='ltr'>stetis.</span> <span class='ocrx_word' id='word_1_219' title='bbox 1530 4222 1553 4257; x_wconf 74' lang='lat'>⁸</span> <span class='ocrx_word' id='word_1_220' title='bbox 1586 4218 1719 4269; x_wconf 52' lang='lat' dir='ltr'>sinet</span> 
     </span>
    </p>
   </div>
  </div>
 </body>
</html>
