3131 5032
484 725 794 820 imperita
837 724 1173 793 contentio
1217 735 1337 793 est.
1438 721 1741 792 Tulliana
1793 726 2011 793 omnia
2063 747 2142 794 ex
2201 748 2432 799 eorum

487 874 725 945 genere
769 861 929 921 sunt
954 903 973 938 ‚
1024 871 1195 943 quae
1250 873 1289 917 a
1332 850 1660 942 praesenti
1719 850 1803 918 ad
1860 865 2276 945 praesentem
2323 855 2429 924 vel

490 979 807 1048 dicuntur
851 976 960 1045 vel
999 975 1418 1062 scribuntur,
1485 974 1588 1044 vel
1626 977 1825 1046 etiam
1867 976 2000 1047 dici
2043 977 2390 1072 finguntur
2409 1033 2431 1068 ‚

484 1127 795 1198 quaeque
836 1103 986 1175 ideo
1018 1116 1087 1173 et
1132 1101 1510 1173 facilitatem
1547 1127 1627 1173 ac
1658 1103 1868 1176 lenius
1913 1107 2251 1200 quoddam
2294 1109 2432 1179 flu-

486 1256 644 1302 men
694 1231 1048 1301 verborum
1111 1229 1487 1324 postulant,
1548 1230 1888 1301 recondita
1937 1245 2120 1303 certe
2166 1247 2235 1304 et
2286 1247 2434 1305 stu-

487 1360 672 1430 diose
708 1371 1047 1430 contracta
1080 1368 1427 1451 respuunt.
1529 1357 1774 1428 Contra
1812 1358 2121 1430 historiae
2160 1363 2434 1455 scriptio

487 1487 703 1557 multo
734 1487 954 1556 minus
984 1495 1397 1579 praesentem
1426 1483 1706 1554 aliorum
1743 1485 2151 1581 voluptatem
2169 1540 2189 1576 ,
2226 1511 2433 1582 quam

486 1613 754 1683 tardam
801 1625 867 1682 et
911 1612 1301 1682 diuturnam
1351 1614 1975 1683 commentationem
2008 1613 2432 1685 deliberatio-

487 1762 778 1833 nemque
830 1750 1092 1833 spectat
1113 1791 1134 1826 ,
1209 1738 1278 1806 id
1345 1738 1528 1832 quod
1597 1738 2019 1833 Thucydides
2090 1742 2225 1811 suis
2289 1743 2432 1834 ipse

488 1866 703 1937 verbis
746 1865 1095 1937 consilium
1135 1877 1441 1935 secutum
1485 1888 1558 1935 se
1591 1887 1735 1936 esse
1775 1865 2164 1959 profitetur:
2212 1888 2434 1961 neque

488 2007 636 2063 tum
679 2005 796 2063 aut
844 1992 1068 2063 subito
1112 1992 1602 2087 suscipiebatur
1620 2045 1640 2082 ‚
1690 2007 1808 2064 aut
1849 1996 2087 2088 exiguo
2129 2008 2431 2091 tempore

486 2118 989 2214 profligabatur.
1089 2121 1227 2189 Nec
1272 2118 1514 2189 dubito
1558 2121 1724 2213 quin
1762 2143 1843 2190 ex
1881 2134 2164 2216 utraque
2201 2147 2311 2214 re,
2359 2137 2430 2193 et

483 2273 563 2317 cx
602 2247 715 2317 illa
749 2248 1152 2343 posteritatis
1186 2247 1581 2340 cogitatione
1601 2300 1622 2336 ,
1664 2261 1735 2318 et
1768 2271 1849 2318 ex
1888 2247 2066 2320 lenta
2094 2263 2165 2320 et
2200 2250 2430 2321 sedata

482 2378 697 2470 operis
740 2374 1148 2446 confectione
1195 2375 1318 2444 nisi
1358 2374 1726 2445 excusanda
1744 2427 1764 2463 ‚
1818 2389 1998 2446 certe
2037 2378 2428 2473 explicanda

484 2503 616 2574 sint
680 2502 789 2572 illa
852 2526 1027 2596 quae
1088 2496 1363 2573 summis
1430 2500 1743 2573 laudibus
1801 2501 2012 2573 efferri
2078 2503 2293 2576 solent
2358 2507 2426 2576 in

481 2631 872 2727 Thucydide
932 2630 1209 2725 aliisque
1228 2683 1249 2719 ,
1299 2643 1694 2723 peracutum
1751 2632 1820 2699 in
1868 2633 2211 2703 sententiis
2239 2685 2258 2720 ‚
2307 2633 2424 2702 sed

489 2758 965 2829 subobscurum
989 2812 1009 2848 ‚
1058 2757 1311 2828 durum
1362 2770 1433 2827 et
1477 2781 1931 2852 compressum
1971 2772 2041 2830 et
2081 2773 2426 2854 tamquam

478 2885 765 2956 densum
817 2887 884 2954 in
945 2885 1304 2956 verborum
1360 2886 1869 2978 compositione:
1937 2909 2112 2978 quae
2170 2889 2225 2954 si
2289 2911 2423 2956 non

483 3010 608 3080 nisi
671 3035 707 3079 a
766 3014 1012 3105 magnis
1081 3012 1358 3105 ingeniis
1423 3010 1754 3106 proficisci
1815 3024 2135 3105 possunt,
2205 3014 2426 3083 sintne

476 3150 700 3207 tamen
733 3140 873 3233 ipsa
910 3162 1032 3233 per
1067 3145 1137 3209 s'e
1180 3137 1511 3208 laudanda
1557 3159 1682 3207 nec
1716 3159 1802 3207 ne
1822 3189 1842 3227 ‚
1892 3137 2218 3209 dubitare,
2239 3140 2418 3212 licet.

572 3264 1042 3359 Quidquamne
1093 3277 1430 3360 praeterea
1467 3277 1572 3335 est
1613 3286 1692 3333 ex
1741 3263 2203 3338 florentissima
2237 3267 2420 3340 Lati-

468 3415 707 3462 narum
741 3390 1085 3462 literarum
1137 3403 1352 3462 aetate
1371 3444 1391 3480 ‚
1440 3391 1628 3484 quod
1666 3392 1817 3485 quis
1856 3393 2001 3461 iure
2042 3418 2199 3463 cum
2236 3394 2415 3465 Cice—

470 3542 633 3590 rone
675 3516 1021 3590 conferat'?
1119 3521 1264 3590 Non
1319 3517 1506 3589 facile
1544 3520 1818 3590 inveniri
1872 3543 2065 3614 posse
2110 3521 2411 3593 arbitror.

470 3648 818 3719 Orationes
868 3659 1083 3736 certe,
1132 3649 1256 3718 nisi
1314 3646 1506 3717 fictas
1553 3649 1623 3715 in
1677 3647 1947 3717 historia
1968 3700 1988 3737 ‚
2039 3648 2253 3720 nullas
2294 3649 2419 3719 ha·

468 3774 738 3845 hemum:
805 3774 1117 3869 epistolas
1190 3797 1556 3868 perpaucas
1636 3788 1899 3845 tantum
1976 3775 2252 3874 aliorum
2325 3779 2412 3848 ad

468 3903 895 3988 Ciceronem3
944 3926 1097 3971 nam
1147 3903 1463 3973 Senecam
1518 3915 1587 3972 et
1647 3902 1936 3974 Plinium
1985 3904 2141 3974 hinc
2185 3904 2415 3976 exclu-

466 4026 703 4097 damus
771 4028 967 4117 licet,
1034 4030 1300 4123 opinor:
1380 4028 1623 4122 dialogi
1691 4032 2072 4125 exemplum
2147 4033 2410 4104 nullum

460 4154 680 4226 habeo
746 4170 1006 4249 praeter
1062 4157 1525 4228 Cornelianum
1551 4211 1570 4249 ‚
1639 4159 1737 4228 De
1794 4162 2004 4232 causis
2061 4174 2415 4253 corruptae
