3131 5032
1359 446 1450 519 27

413 658 865 734 deserendus
906 675 979 732 et
1026 659 1473 732 abiiciendus
1517 675 1628 732 est
1671 659 2063 759 desperatis
2102 661 2377 734 emolu·

416 785 682 853 mentis
719 795 796 852 et
828 778 1225 853 fructibus:
1275 803 1427 877 quo
1458 779 1641 877 quid
1675 793 1913 880 potest
1944 780 2089 853 dici
2125 785 2376 856 imma-

415 901 629 971 nius?
729 899 948 990 Quod
988 904 1051 972 si
1093 904 1404 973 amicitia
1447 924 1581 999 per
1618 925 1697 972 se
1739 900 2039 974 colenda
2079 914 2216 991 est,
2264 927 2375 974 so-

418 1025 640 1093 cietas
682 1044 982 1118 quoque
1036 1019 1413 1092 hominum
1464 1034 1536 1092 et
1572 1021 1964 1118 aequalitas
1999 1037 2072 1094 et
2109 1026 2374 1095 iustitia

420 1164 553 1239 per
588 1164 666 1211 se
713 1138 1131 1239 expetenda.
1231 1140 1448 1233 Quod
1484 1144 1563 1211 ni
1605 1144 1702 1213 ita
1738 1155 1883 1231 est,
1933 1145 2233 1213 omnino
2270 1145 2376 1212 iu·
2445 1163 2533 1213 50.

420 1263 613 1332 stitia
665 1259 857 1331 nulla
916 1274 1043 1332 est.
1151 1258 1230 1331 Id
1285 1264 1476 1332 enim
1531 1264 2081 1333 iniustissimum
2139 1265 2373 1360 ipsum

419 1391 555 1468 est,
592 1383 907 1452 iustitiae
943 1378 1347 1452 mercedem
1378 1404 1750 1477 quaerere.
1848 1380 2044 1471 Quid
2079 1404 2251 1452 vero
2283 1380 2374 1451 de
2444 1399 2578 1452 xlx.

421 1498 817 1589 modestia,
869 1497 1045 1596 quid
1091 1498 1183 1571 de
1230 1503 1737 1597 temperantia,
1786 1501 1963 1597 quid
2012 1500 2102 1572 de
2142 1504 2371 1573 conti-

422 1622 689 1706 nentia,
730 1619 909 1715 quid
944 1618 1038 1691 de
1073 1618 1531 1709 verecundia,
1571 1619 1852 1717 pudore
1882 1619 2374 1720 pudicitiaque

416 1735 787 1809 dicemus?
861 1737 1294 1812 Infamiaene
1328 1753 1529 1812 metu
1562 1764 1714 1811 non
1752 1763 1907 1812 esse
1939 1738 2370 1838 petulantes,

414 1880 506 1930 an
577 1856 820 1957 legum
879 1873 952 1931 et
1013 1858 1488 1930 iudiciorum?
1582 1863 2013 1931 Innocentes
2071 1881 2244 1954 ergo
2301 1873 2373 1929 et

414 1977 802 2051 verecundi
832 1993 1036 2068 sunt,
1067 1992 1151 2050 ut
1186 1976 1375 2050 hene
1404 1975 1734 2068 audiant,
1773 1993 1844 2050 et
1885 1993 1967 2050 ut
2003 2002 2367 2050 rumorem

413 2098 691 2170 bonum
748 2098 1127 2195 colligant?
1236 2096 1716 2189 Erubescunt,
1788 2096 2012 2198 pudet
2064 2106 2084 2145 ¹
2155 2101 2367 2169 etiam

413 2217 614 2315 loqui
654 2217 746 2290 de
795 2217 1161 2318 pudicitia:
1212 2242 1296 2291 ac
1341 2234 1508 2289 me²
1556 2222 1859 2289 istorum
1899 2217 2370 2318 philosopho·

412 2360 576 2407 rum
623 2337 852 2435 pudet
895 2340 1027 2434 qui
1066 2335 1296 2408 ullum
1341 2334 1689 2408 iudicium
1736 2338 1957 2407 vitare
2003 2338 2145 2406 nisi
2192 2339 2369 2406 vitio

412 2458 569 2556 ipso
607 2469 1018 2530 mutatum⁸
1066 2470 1345 2557 putant.
1445 2453 1641 2549 Quid
1685 2455 1927 2528 enim?
1986 2479 2368 2554 possumus
2438 2478 2524 2530 51.

409 2600 566 2667 eoa,
615 2581 746 2675 qui
781 2591 1035 2676 stupro
1064 2582 1093 2622 ⁴
1130 2589 1470 2649 arcentur
1502 2573 1837 2648 infamiae
1878 2592 2103 2666 metu,
2156 2576 2367 2676 pudi-

419 2720 541 2767 cos
574 2697 853 2769 dicere?
889 2721 1120 2794 quum
1154 2700 1305 2796 ipsa
1325 2681 1626 2769 infamia
1661 2710 1962 2795 propter
1998 2700 2102 2768 rei
2142 2701 2367 2796 turpi·

419 2816 738 2889 tudinem
805 2831 1313 2913 consequatur.
1426 2819 1610 2888 Nam
1665 2815 1842 2911 quid
1903 2829 2029 2887 aut
2093 2813 2365 2889 laudari

413 2940 587 3026 rite,
635 2952 755 3009 aut
796 2940 1189 3037 vituperari
1230 2948 1504 3034 potest,
1555 2938 1619 3006 si
1656 2935 1750 3007 ab
1787 2938 1938 3006 eius
1973 2947 2227 3006 natura
2260 2960 2366 3008 re-

408 3062 733 3149 cesseris,
766 3056 969 3156 quod
995 3072 1119 3130 aut
1151 3054 1618 3143 laudandum,
1650 3067 1776 3126 aut
1813 3053 2362 3153 vituperandum

406 3178 666 3275 putes?
762 3183 874 3249 An
921 3180 1244 3277 corporis
1288 3178 1704 3275 pravitates,
1753 3177 1814 3245 si
1860 3187 2075 3245 erunt
2128 3177 2366 3272 perin-

404 3301 680 3395 signeS,
729 3296 1106 3370 habebunt
1152 3294 1424 3392 aliquid
1471 3293 1933 3383 offensioniS,
1981 3298 2203 3367 animi
2240 3294 2366 3367 de·

405 3415 731 3490 formitas
777 3441 926 3488 non
978 3414 1315 3489 habehit?
1379 3419 1583 3488 cuius
1628 3413 2009 3512 turpitudo
2055 3440 2141 3486 ex
2188 3419 2361 3514 ipsis

403 3538 592 3608 vitiis
625 3535 954 3608 facillime
981 3537 1290 3634 perspici
1318 3546 1575 3634 potest.
1633 3531 1830 3622 Quid
1858 3536 2050 3604 enim
2078 3532 2361 3606 foedius

405 3656 736 3729 avaritia?
782 3653 961 3753 quid
999 3658 1382 3725 immanius
1421 3651 1776 3725 libidine?
1825 3651 2000 3749 quid
2040 3667 2360 3728 contem·

408 3780 548 3847 tius
590 3773 1021 3847 timiditate?
1068 3772 1246 3873 quid
1289 3771 1638 3846 abiectius
1686 3771 2020 3846 tarditate
2061 3786 2136 3845 et
2182 3774 2356 3846 stul-

1031 3973 1102 3981 —-

467 4074 484 4107 ¹
515 4071 827 4122 erube-eunt
850 4070 1048 4140 pudici.
1121 4070 1146 4108 ⁸
1168 4088 1227 4121 ac
1252 4071 1431 4123 nimis.
1504 4073 1527 4108 ³
1555 4071 1649 4139 qui
1682 4070 1883 4121 nullum
1913 4072 2097 4123 vitium
2139 4068 2357 4140 [vitare]

399 4154 494 4204 nisi
527 4155 727 4206 iudicio
757 4155 869 4221 ipso
899 4164 1147 4205 neutum.
1219 4156 1240 4191 ἱ
1276 4155 1367 4218 qui
1396 4173 1424 4203 a
1458 4164 1652 4221 stupro.
