3131 5032
822 418 951 483 636
1478 412 1622 480 ιω.
1665 410 1803 497 ιιι,
1844 414 1973 498 14,
2020 415 2126 481 32.

1547 639 1821 708 CAPUT
1861 635 2032 706 xlv.

886 845 997 887 nac
1025 827 1184 886 enim
1225 837 1455 886 tantum
1500 825 1650 885 mali
1693 837 1779 886 eat
1813 823 1918 906 ——)
1996 824 2164 884 Sicut
2195 834 2426 884 tamum
2458 824 2644 901 mali,
2684 824 2778 884 ita

801 911 1035 990 ¹toruum
1081 930 1259 1006 boni,
1317 928 1448 991 Pin.
1497 928 1585 1005 V,
1641 928 1754 1004 27,
1813 928 1930 1004 80,
1982 926 2132 1008 (quo
2170 927 2306 988 loco
2351 925 2776 987 difficultatem

803 1051 929 1091 non
972 1031 1219 1111 expedit
1262 1031 1543 1111 Madvigii
1577 1032 1872 1092 correctio
1901 1030 2051 1110 quid
2077 1041 2310 1090 tantum
2343 1055 2456 1090 —-.·
2498 1037 2629 1090 tum
2661 1050 2771 1090 re-

805 1134 1107 1213 quiritur,
1150 1141 1218 1193 nt
1243 1143 1422 1214 puto,
1462 1137 1533 1194 iu
1563 1136 1782 1194 vinata
1800 1179 1818 1210 ‚
1859 1154 1983 1193 non
2016 1135 2087 1192 in
2118 1131 2380 1212 natura.)
2456 1132 2770 1209 Ceterum,

806 1236 927 1295 tale
958 1236 1170 1316 duplex
1204 1237 1422 1297 malum
1456 1236 1722 1315 appellat
1757 1234 1922 1297 Offie.
1959 1235 2019 1312 1,
2058 1235 2170 1312 34,
2217 1235 2352 1297 123.
2433 1235 2511 1294 In
2545 1235 2768 1295 Ar‘nto·

802 1337 940 1397 telis
989 1339 1123 1398 loco
1169 1337 1341 1400 Polit.
1390 1339 1488 1415 11,
1530 1339 1609 1415 8,
1649 1338 1692 1400 7
1709 1384 1729 1415 ,
1762 1339 2192 1399 .Schneiderna
2239 1346 2406 1398 certe
2453 1337 2764 1414 nondum,

803 1447 873 1500 ut
925 1442 1221 1520 oportuit,
1279 1443 1542 1503 correxit
1592 1445 1629 1501 ὅ
1672 1465 1732 1500 τι
1774 1460 1886 1520 pro
1926 1443 2042 1501 ὅτι.
2136 1439 2221 1499 De
2250 1440 2435 1499 aiunili
2467 1440 2768 1500 sententia

802 1542 1098 1622 Platonis,
1157 1545 1322 1624 apud
1373 1545 1493 1606 Cic.
1550 1544 1628 1604 ad
1681 1544 1814 1605 niv.
1851 1544 1918 1620 1,
1958 1543 2031 1619 9,
2074 1543 2185 1619 12,
2224 1541 2376 1624 (vid.
2421 1542 2576 1604 Bibl.
2617 1543 2766 1607 erit.

800 1647 872 1710 N.
925 1647 1038 1707 111.
1091 1667 1154 1726 p.
1205 1646 1386 1728 213),
1442 1647 1847 1708 conferendus
1899 1654 1988 1707 eat
2035 1645 2164 1724 ipse
2214 1644 2382 1706 Plato
2429 1647 2611 1726 Legg.
2655 1645 2759 1708 lv.

796 1768 861 1828 p.
895 1749 1038 1811 711.
1078 1749 1121 1808 C
1140 1795 1159 1826 ,
1199 1756 1332 1809 tum
1364 1749 1723 1810 Plutarchus
1755 1748 2038 1829 Lysandr.
2070 1768 2132 1826 p.
2162 1747 2301 1809 442.
2337 1748 2443 1810 fin.

882 1873 1278 1931 quaecumque
1305 1855 1555 1913 mutatio
1574 1849 1681 1933 ——)
1733 1852 1973 1930 Duplici
2002 1850 2250 1912 nomine
2276 1851 2428 1912 haec
2451 1850 2756 1912 laborant:

796 1956 1064 2035 primum
1084 1955 1248 2034 quod
1262 1956 1590 2021 ἀσυνδὲτως
1607 1954 2108 2034 praecedentibus
2131 1954 2573 2034 adiunguntur,
2589 1954 2753 2030 dein,

797 2056 965 2136 quod
1003 2077 1040 2117 a
1078 2076 1284 2116 rerum
1318 2059 1777 2135 praeteritarum
1820 2058 2116 2118 memoria
2143 2058 2430 2117 transitur
2455 2056 2535 2116 ad
2559 2056 2757 2116 futuri

795 2158 1232 2219 divinationem
1249 2157 1652 2240 (secuturam.)
1729 2158 1980 2238 Utrique
2001 2160 2151 2220 vitio
2178 2158 2409 2219 mederi
2436 2158 2676 2236 licebit,
2705 2159 2759 2217 ai

794 2261 1033 2339 legetur
1073 2273 1131 2322 et
1181 2281 1581 2340 quaecumque
1623 2293 1708 2311 —
1757 2272 2019 2321 occatam
2034 2307 2054 2338 ,
2092 2281 2251 2341 quae
2282 2269 2579 2340 postrema
2628 2280 2753 2321 cor·

796 2361 987 2425 rectio
1015 2363 1292 2424 firmatur
1319 2371 1453 2423 tum
1481 2361 1762 2439 aliunde,
1804 2371 1936 2423 tum
1962 2383 2036 2423 ex
2067 2365 2281 2424 vitioso
2305 2384 2570 2425 securam
2596 2364 2661 2423 in
2684 2363 2749 2424 B.

874 2466 918 2550 5
959 2467 1059 2529 32.
1141 2468 1298 2548 quod
1331 2468 1584 2529 Platoni
1615 2477 1812 2527 nostro
1839 2467 2037 2547 placet
2066 2464 2173 2549 -)
2251 2465 2419 2528 Conf.
2453 2486 2628 2547 supra
2657 2466 2753 2545 11,

799 2571 909 2646 15,
968 2568 1069 2629 39.
1164 2568 1375 2628 Simile
1440 2567 1593 2646 quid
1645 2566 1797 2628 dicit
1846 2567 2011 2628 Plato
2058 2568 2137 2629 de
2186 2589 2509 2648 puerorem
2556 2567 2751 2645 ludia,

794 2673 975 2751 Legg.
1012 2671 1143 2732 Vll.
1176 2691 1237 2750 p.
1269 2671 1412 2733 797.
1446 2671 1518 2731 Α.
1554 2670 1619 2731 Β.
1701 2670 1923 2731 Davisii
1965 2678 2026 2730 et
2078 2671 2396 2733 Goerenzii
2430 2691 2653 2731 errores
2682 2672 2752 2732 in

794 2774 1154 2854 corrigendo
1187 2774 1433 2834 Platone
1470 2773 1618 2853 Rep.
1658 2774 1756 2834 lv,
1793 2795 1854 2853 p.
1894 2773 2033 2835 424.
2073 2775 2146 2851 C,
2187 2775 2406 2836 merito
2447 2776 2756 2854 castigavit

791 2878 1239 2938 Stallbaumins.
1268 2910 1350 2922 —
1375 2876 1506 2936 Mox
1520 2921 1540 2953 ,
1582 2877 1711 2935 vita
1742 2877 2021 2955 ,victuque
2053 2876 2426 2955 coniungere
2458 2878 2609 2938 solet
2623 2922 2643 2954 ,
2685 2884 2755 2936 ut

783 2980 951 3042 Brut.
992 2979 1107 3055 25,
1148 2975 1248 3040 95.
2360 2981 2363 2984 ⁴

870 3082 1204 3162 infundam
1254 3083 1320 3139 in
1372 3079 1706 3160 civitatem)
1798 3079 2035 3143 Poterat
2085 3082 2232 3143 hinc
2263 3082 2527 3162 eleganti
2556 3103 2751 3145 corre·

788 3185 977 3247 ctioni
1027 3184 1398 3264 praesidium
1446 3192 1655 3263 petere
1706 3182 2110 3245 Ruhnkeniua
2158 3185 2225 3244 in
2273 3184 2427 3247 Vell.
2483 3185 2605 3247 Pat.
2652 3188 2749 3263 11,

792 3287 960 3365 126,
1003 3306 1065 3365 p.
1116 3286 1270 3347 482:
1319 3306 1404 3351 ,ex
1448 3285 1785 3365 eademque
1834 3287 2185 3366 metaphora
2219 3290 2470 3370 influere
2503 3289 2746 3350 dicitur.

789 3389 940 3450 Cum
994 3387 1067 3446 iis
1116 3406 1273 3466 quae
1325 3394 1664 3466 sequuntur
1696 3386 1859 3447 idem
1904 3384 2164 3459 Velleius
2191 3389 2591 3451 conserendus
2622 3398 2742 3466 est,

787 3492 888 3568 11,
935 3490 1088 3566 125,
1128 3489 1186 3551 4.
1223 3497 1286 3549 et
1324 3489 1440 3551 126
1473 3488 1576 3551 fin.
1597 3534 1615 3565 ,
1655 3508 1800 3549 cum
1847 3488 2023 3551 docta
2060 3489 2307 3553 Ruhnk.
2343 3492 2745 3555 annotatione.

867 3595 1078 3653 obsunt
1126 3592 1283 3671 quod
1324 3594 1447 3672 ἱροί
1490 3590 1963 3672 corrumpuntur)
2036 3592 2170 3653 Non
2200 3603 2351 3673 puto
2366 3642 2385 3670 ,
2426 3596 2749 3656 meliorum

674 3767 678 3770 ι
783 3695 1079 3754 librorum
1115 3701 1312 3771 spreta
1345 3693 1730 3769 auctoritate,
1771 3693 2134 3755 mutandum
2164 3716 2289 3757 eoae
2315 3696 2383 3756 in
2411 3700 2535 3778 ipen·
2561 3698 2744 3778 quod.-

782 3796 836 3856 ia
885 3795 1054 3855 locus
1099 3801 1300 3870 certe,
1358 3814 1542 3873 quem
1593 3793 1822 3855 indicat
1873 3798 2270 3874 Goerenziua,
2313 3799 2452 3877 Cap.
2507 3800 2586 3876 7,
2631 3802 2746 3878 16,

785 3898 935 3979 (ipse
958 3898 1067 3978 qui
1094 3916 1161 3955 eo
1190 3915 1312 3955 non
1339 3895 1652 3978 teneretur)
1676 3899 1945 3959 continet
1972 3901 2340 3979 exceptionis
2363 3903 2745 3981 exemplum,

782 4003 851 4062 in
898 4020 1022 4080 qua
1067 3999 1464 4061 collocatione
1508 4019 1845 4080 pronomen
1898 4010 2027 4062 erat
2073 3988 2557 4084 insigniendum:
2601 4008 2665 4069 h.
2700 4008 2747 4071 1.

783 4112 1173 4185 opponuntur
1214 4105 1506 4182 corrumpi
1544 4111 1608 4162 et
1645 4124 2023 4184 corrumpere.
