3131 5032
1387 501 1483 580 87

458 720 622 793 cule
667 742 807 818 ego
820 771 843 814 ,
891 718 1143 811 frater,
1190 742 1468 820 quaero
1509 718 1607 793 de
1658 722 1792 794 ista
1837 733 2193 822 potestate
2235 723 2417 821 quid

456 828 747 915 aeetias.
862 844 1047 916 Nam
1105 838 1287 913 mihi
1342 838 1645 939 quidem
1701 839 2041 941 pestifera
2092 843 2415 936 videtur,

455 966 733 1062 quippe
778 985 970 1061 quae
1012 965 1092 1033 in
1130 960 1488 1035 seditione
1529 973 1606 1034 et
1651 960 1744 1033 ad
1777 960 2208 1036 seditionem
2249 978 2418 1038 nata

455 1085 574 1155 sit.
670 1084 894 1154 Cuius
925 1084 1245 1182 primum
1275 1093 1521 1153 ortum
1551 1082 1615 1152 si
1648 1080 2011 1156 recordari
2046 1084 2415 1176 volumus,

456 1205 652 1275 inter
678 1225 878 1275 arma
913 1204 1212 1291 civium,
1248 1212 1323 1273 et
1352 1205 1726 1301 occupatis
1756 1216 1830 1274 et
1861 1201 2173 1276 obsessis
2209 1202 2418 1277 urbis

457 1320 636 1394 locis
668 1333 1131 1421 procreatum
1165 1319 1510 1395 videmus.
1609 1320 1923 1414 Deinde,
1952 1345 2195 1420 ,quum
2231 1337 2419 1398 esset

458 1445 609 1515 cito
640 1441 916 1540 legatus
944 1453 968 1500 ⁸
1010 1452 1380 1538 tamquam
1411 1463 1501 1513 ex
1531 1444 1664 1513 XII
1698 1441 1963 1514 tabulis
1991 1446 2292 1541 insignis
2325 1443 2417 1517 ad

459 1560 993 1635 deformitatem
1041 1582 1257 1662 puer,
1318 1559 1520 1634 brevi
1572 1574 1931 1661 tempore,
1979 1567 2224 1635 nescio
2265 1586 2418 1660 quo

456 1695 672 1783 pacto
718 1696 1081 1756 recreatus
1131 1680 1510 1779 multoque
1563 1685 1824 1753 tetrior
1863 1695 1937 1753 et
1981 1678 2264 1755 foedior
2294 1706 2419 1755 na-

457 1814 581 1873 tus
611 1814 739 1873 eet.
803 1804 1011 1893 Quae
1037 1804 1234 1875 enim
1266 1800 1384 1873 ille
1416 1823 1570 1872 non
1601 1798 1877 1872 edidit?
1907 1805 2037 1898 qui
2066 1804 2418 1901 primum,

458 1935 544 1993 ut
572 1921 801 2020 impio
830 1919 1132 2020 dignum
1162 1918 1332 2012 fuit,
1364 1920 1697 2021 patribus
1732 1944 2028 1993 omnem
2061 1922 2421 1995 honorem

459 2042 761 2140 eripuit,
800 2041 1076 2131 omnia,
1115 2038 1368 2113 infima
1401 2043 1740 2131 summis,
1784 2044 1986 2142 paria
2022 2038 2235 2130 fecit,
2275 2054 2427 2113 tur-

461 2159 696 2251 bavit,
734 2164 1056 2237 miscuit:
1091 2184 1324 2258 quum
1361 2158 1730 2233 afflixisset
1755 2163 2171 2261 principum
2198 2163 2427 2260 gravi·

461 2293 725 2372 tatem,
780 2302 1184 2379 numquam
1228 2293 1473 2354 tamen
1519 2284 1959 2378 conquievit.
2060 2286 2303 2379 Atque
2339 2294 2424 2353 ut

459 2406 538 2475 C.
573 2401 1003 2475 Flaminium
1038 2414 1260 2498 atque
1291 2422 1378 2473 ea
1408 2424 1600 2498 quae
1634 2404 1778 2472 iam
1813 2404 2045 2500 prisca
2080 2399 2425 2475 videntur

462 2535 768 2624 propter
837 2534 1269 2596 vetustatem
1330 2521 1770 2620 relinquam,
1826 2521 2007 2620 quid
2058 2525 2235 2594 iuris
2291 2521 2427 2594 bo·

460 2647 576 2716 nis
596 2659 625 2699 ²
661 2643 767 2717 Ti.
811 2641 1122 2717 Gracchi
1169 2639 1589 2718 tribunatus
1644 2641 1984 2739 reliquit?
2032 2645 2163 2714 etsi
2206 2643 2427 2740 quin·

461 2772 786 2869 quennio
827 2783 1000 2843 ante
1032 2774 1118 2843 D.
1157 2769 1463 2842 Brutum
1498 2781 1572 2840 et
1606 2773 1681 2841 P.
1714 2770 2123 2867 Scipionem
2160 2792 2425 2840 consu-

463 2889 599 2980 loe,
647 2911 832 2989 quos
881 2902 957 2963 et
1000 2901 1312 2988 quantos
1355 2885 1583 2958 viros!
1634 2886 1861 2958 homo
1899 2891 2229 2959 omnium
2267 2885 2427 2958 infi-

463 3033 632 3082 mus
662 3022 734 3082 et
762 3007 1295 3084 sordidissimus
1326 3006 1668 3079 tribunus
1698 3006 1929 3106 plebis
1960 3010 2037 3079 C.
2065 3009 2428 3079 Curiatius

461 3131 543 3200 in
588 3128 875 3204 vincula
918 3129 1266 3217 coniecit3
1314 3124 1516 3224 quod
1546 3138 1717 3198 ante
1748 3123 2021 3198 factum
2058 3149 2209 3198 non
2250 3139 2425 3200 erat.

458 3250 541 3321 C.
567 3271 746 3321 vero
769 3244 1141 3321 Gracchus
1165 3249 1396 3319 ruinis
1419 3258 1493 3318 et
1527 3248 1829 3318 inscitiis
1854 3261 1914 3336 ⁸,
1952 3270 2133 3344 quas
2165 3249 2318 3348 ipse
2347 3269 2427 3320 se

461 3369 855 3468 proiecisse
905 3370 983 3438 in
1028 3365 1272 3439 forum
1312 3365 1493 3439 dixit
1541 3364 1812 3462 quibus
1857 3363 2426 3464 digladiarentur

464 3491 662 3560 inter
681 3511 762 3560 ee
790 3489 1016 3578 cives,
1052 3509 1300 3562 nonne
1331 3508 1628 3557 omnem
1657 3488 1766 3557 rei
1792 3483 2124 3585 publicae
2155 3500 2424 3560 statum

463 3605 950 3707 permutavit?
1034 3604 1229 3698 Quid
1278 3608 1421 3679 iam
1470 3603 1563 3678 de
1606 3607 1972 3677 Saturnini
2007 3605 2366 3706 supplicio
2393 3620 2423 3666 ⁴

465 3727 769 3826 reliquis
814 3726 1096 3801 dioem?
1142 3743 1331 3826 quos
1375 3749 1472 3798 ne
1519 3723 1879 3824 depellere
1924 3724 2222 3823 quidem
2264 3751 2307 3801 a
2350 3751 2428 3801 se

466 3850 628 3920 sine
674 3845 874 3921 ferro
923 3849 1166 3947 potuit
1225 3869 1340 3919 res
1387 3843 1700 3945 publica.
1797 3847 1947 3917 Cur
2001 3857 2245 3920 autem
2300 3860 2427 3921 aut

524 4147 804 4204 luteum.
889 4148 1307 4206 ’humbrith-
1396 4149 1984 4208 ⁸runinotsioiniin.
2058 4150 2435 4218 {Saturnium

451 4229 710 4303 subs-210.

2487 1823 2581 1879 11.

2491 2301 2582 2355 2⁰.

2494 3877 2583 3933 21.
