3131 5032
1151 469 1291 535 Lm.
1339 468 1408 553 1,
1456 472 1529 554 2,
1581 472 1642 535 7.
2252 474 2380 540 285

429 675 833 737 indifferentia
885 683 1084 740 erant:
1136 684 1571 755 praetereaque
1613 697 1737 735 non
1784 685 1907 736 tam
1971 678 2248 741 ordinem
2300 685 2383 742 si-

430 780 671 860 gnificat
713 779 1004 839 secundus
1020 824 1039 854 ,
1079 799 1262 858 quam
1295 779 1362 839 id
1396 778 1560 859 quod
1597 779 1718 840 alio
1752 780 1932 840 modo
1965 784 2176 865 exigui
2194 789 2385 865 pretii

429 892 533 943 aut
595 884 835 942 honoris
902 880 1231 941 diceretur:
1292 902 1493 961 neque
1554 882 1768 943 ordine
1833 884 1961 946 ullo
2017 887 2268 965 bonum,
2326 900 2387 951 et

430 990 775 1069 indifferens
829 987 1000 1065 iungi
1049 995 1312 1066 possunt.
1394 986 1510 1046 Sed
1563 988 1631 1046 in
1679 988 1808 1066 ipso
1856 992 2140 1068 temporis
2171 993 2386 1054 ordine

428 1093 513 1152 sic
564 1093 642 1151 ad
692 1090 871 1170 poni,
932 1098 1178 1170 apparet
1230 1111 1305 1149 ex
1354 1089 1539 1150 Bruto
1593 1090 1698 1165 13,
1756 1089 1835 1150 49
1854 1137 1873 1166 ,
1931 1094 2011 1151 ad
2061 1106 2388 1156 nostrorum

429 1195 741 1255 annalium
766 1195 1051 1253 rationem
1075 1204 1321 1270 veteres,
1348 1193 1428 1252 ad
1452 1195 1712 1273 ipsorum
1736 1215 1878 1253 sane
1901 1208 2174 1256 recentes.
2240 1199 2389 1259 Satis

430 1296 639 1357 mirari
681 1296 982 1355 Raudium
1020 1316 1146 1356 non
1176 1315 1452 1375 possum,
1493 1297 1603 1375 qui
1636 1296 1701 1356 in
1736 1296 2071 1359 Tursellino
2108 1299 2173 1374 1,
2213 1318 2275 1379 p.
2308 1301 2382 1362 91

432 1420 563 1461 eam
611 1400 891 1479 sequitur
939 1399 1234 1459 rationem
1253 1445 1271 1474 ‚
1312 1417 1497 1476 quam
1532 1398 1891 1477 Madvigius,
1933 1409 1996 1459 et
2021 1402 2228 1479 paullo
2260 1412 2393 1483 post

430 1522 490 1581 p.
527 1501 642 1563 105
674 1503 1182 1581 comparationem
1219 1501 1502 1578 agnoseit.

514 1604 849 1684 lanquorem
873 1613 1046 1683 atque
1070 1599 1403 1681 inscitiam)
1452 1601 1639 1661 Recte
1667 1603 1958 1679 alterum,
1983 1607 2389 1687 inscientiam,

436 1705 807 1784 reprobatur.
885 1703 1045 1778 Quid
1090 1710 1289 1763 tamen
1324 1704 1400 1761 sit
1434 1704 1717 1778 inscitia,
1756 1705 1975 1763 melius
2010 1707 2295 1769 Goerenz.
2331 1720 2393 1771 et

432 1807 683 1887 Madvig.
738 1807 816 1881 ad
858 1806 986 1868 Fin.
1029 1806 1060 1865 Ι
1079 1852 1098 1883 ,
1144 1805 1252 1880 14,
1297 1805 1376 1867 46
1410 1805 1869 1884 explicuerunt,
1911 1827 2095 1886 quam
2136 1810 2392 1874 Moserus

432 1911 510 1974 ad
546 1912 610 1972 h.
652 1911 698 1971 l.
1787 1908 1790 1913 ’

508 2013 552 2096 §
590 2013 652 2076 7.
734 2009 1025 2092 Macrum)
1081 2013 1156 2072 In
1181 2012 1434 2092 reliquis
1464 2033 1660 2092 quum
1689 2032 1923 2074 summa
1947 2013 2066 2075 fide
2095 2016 2392 2079 librorum

431 2117 755 2177 lectionem
808 2116 1369 2196 repraesentandam
1419 2115 1781 2177 duceremus
1798 2162 1816 2193 ,
1869 2118 1934 2176 in
1977 2120 2235 2197 propriis
2278 2142 2393 2182 no-

431 2220 696 2280 minibus
761 2238 885 2278 non
953 2227 1188 2279 tantum
1256 2219 1582 2278 tribuimus
1641 2219 2030 2279 librariorum
2096 2223 2389 2300 peccatis:

436 2325 642 2403 itaque
677 2322 991 2401 Sigonium
1025 2323 1216 2381 secuti
1256 2323 1524 2382 Macrum
1567 2321 1869 2382 edidimus
1908 2342 1983 2382 ex
2016 2325 2391 2403 coniectura,

434 2447 619 2507 quam
662 2428 799 2487 satis
840 2425 959 2486 viri
1007 2426 1167 2486 docti
1214 2425 1640 2485 defenderunt.
1722 2426 1991 2486 Macrum
2026 2427 2093 2486 in
2126 2429 2395 2490 Marcum

433 2539 787 2611 corruptum
836 2530 1123 2590 exhibent
1172 2528 1356 2589 Codd.
1410 2529 1565 2587 Livii
1613 2527 1724 2604 IV,
1775 2528 1890 2604 23,
1938 2528 2007 2587 1:
2050 2530 2170 2591 alio
2215 2533 2395 2594 modo

434 2643 786 2715 corruptum
828 2633 1079 2695 Glossar.
1115 2631 1227 2692 MS.
1263 2631 1418 2693 Bibl.
1453 2631 1619 2690 Leid.
1658 2643 1730 2690 n⁰
1760 2631 1873 2705 56,
1915 2651 1973 2691 v.
2013 2653 2174 2693 acca.
2211 2649 2398 2697 mater

432 2739 812 2799 historiarum
845 2737 953 2797 110
985 2735 1102 2815 leg.
1125 2737 1341 2797 Macer.
1424 2734 1692 2794 Osannus
1709 2733 1978 2794 Analect.
1997 2735 2178 2798 Liter.
2197 2757 2257 2817 p.
2279 2739 2391 2817 65,

434 2842 760 2921 legendum
779 2839 1026 2919 putabat
1045 2840 1308 2900 Ateium.
1325 2870 1407 2884 —
1422 2839 1734 2897 Memorem
1750 2857 1861 2916 pro
1878 2859 2172 2898 numerem
2182 2886 2201 2915 ,
2228 2840 2390 2902 dete·

437 2946 623 3005 riores
655 2951 886 3004 tantum
911 2943 1032 3003 mei
1059 2941 1286 3001 habent
1298 2987 1316 3016 ,
1358 2960 1432 2999 ex
1462 2941 1835 2999 correctione
1853 2985 1870 3015 ,
1913 2948 1983 2998 ut
2014 2949 2180 3020 puto.
2241 2943 2393 3005 Sane

438 3047 840 3108 morandus
865 3053 995 3106 erat
1008 3046 1227 3119 Macer,
1246 3050 1454 3122 utpote
1469 3043 1856 3102 historiarum
1875 3043 2150 3121 scriptor:
2178 3065 2392 3106 verum

438 3179 560 3220 non
588 3158 1012 3219 numerandum
1028 3176 1151 3215 esse
1169 3154 1347 3229 dicit,
1377 3154 1417 3213 i.
1439 3173 1492 3213 e.
1513 3152 1839 3231 praecipue
1856 3152 2125 3212 historici
2151 3156 2396 3215 nomine

440 3261 692 3340 dignum
709 3259 1081 3321 censendum
1098 3281 1110 3315 :
1130 3278 1209 3316 ne
1225 3257 1424 3316 dicam
1441 3275 1774 3330 memorare,
1790 3275 1903 3334 pro
1927 3276 2393 3336 commemorare,

437 3366 802 3424 rarissimum
837 3383 963 3423 esse
997 3362 1065 3420 in
1100 3361 1411 3438 Cicerone,
1456 3360 1534 3419 cs.
1574 3359 1805 3437 Zumpt.
1844 3358 1921 3418 ad
1955 3357 2123 3421 Verr.
2161 3360 2217 3436 Ι,
2259 3362 2394 3426 122.

521 3468 706 3528 Cuius
734 3467 1063 3546 loquacitas
1089 3496 1172 3508 —
1196 3465 1357 3523 datio
1385 3484 1614 3524 summa
1644 3461 2037 3543 impudentia)
2102 3462 2397 3546 Descripsi

437 3571 640 3630 locum
656 3617 677 3647 ,
719 3578 789 3630 ut
835 3570 901 3629 in
941 3568 1180 3647 optimis
1213 3568 1364 3627 meis
1397 3566 1732 3626 ferebatur:
1777 3563 2001 3644 reliqui
2032 3565 2122 3624 nil
2156 3577 2394 3646 praeter

440 3691 539 3732 eas
586 3673 997 3751 corruptiones
1047 3670 1410 3745 attulerunt,
1470 3689 1628 3749 quae
1680 3667 1929 3728 aliunde
1958 3668 2079 3727 iam
2121 3672 2394 3749 cognitae

439 3782 630 3833 erant.
711 3774 786 3833 In
820 3775 1091 3834 virorum
1134 3773 1448 3834 doctorum
1480 3773 1788 3832 sententiis
1819 3771 1898 3830 de
1929 3772 2109 3831 totius
2139 3774 2259 3833 loci
2294 3776 2390 3835 vel

438 3875 857 3937 emendatione
882 3877 982 3936 vel
1010 3876 1503 3955 interpretatione
1534 3883 1770 3953 tempus
1795 3894 1918 3934 non
1947 3880 2167 3932 teram:
2211 3876 2395 3934 unius

439 3979 721 4058 Madvigii
742 3978 1130 4038 considerabo
1148 3980 1512 4058 opinionem,
1531 3977 1830 4057 proditam
1850 3975 2183 4035 Emendatt.
2196 3976 2244 4035 Ι.
2257 3997 2316 4055 p.
2336 3976 2390 4036 1.

439 4102 526 4163 sq.
566 4082 640 4141 Et
665 4080 830 4162 quod
860 4081 938 4141 de
967 4082 1313 4141 accusativis
1338 4081 1589 4161 quidem
1613 4079 1923 4162 (summam
1945 4078 2394 4158 impudentiam)

439 4184 689 4247 affirmat
743 4186 838 4245 vir
889 4186 1417 4264 praestantissimus
1471 4185 1533 4244 in
1586 4184 1826 4262 optimis
1877 4179 2184 4240 codicibus
2230 4201 2352 4241 esse
2372 4228 2389 4256 ,
