3131 5032
721 673 1096 767 eloquentia
1145 670 1441 741 iudiciis:
1493 670 1717 764 itaque
1758 672 1900 762 ipse
1940 690 2211 762 quoque
2248 671 2551 741 concedit
2596 672 2664 741 in

722 801 1051 871 Ciceronis
1116 797 1203 867 de
1253 796 1453 869 Calvo
1509 796 1830 866 iudicium
1850 848 1870 885 ‚
1928 798 2220 890 positum
2278 797 2345 865 in
2406 797 2518 868 illa
2576 798 2662 867 ad

722 925 1131 996 Trebonium
1192 921 1489 1017 epistola.
1604 924 1832 1016 Neque
1894 922 2019 992 alia
2078 921 2376 993 conferre
2442 926 2664 1019 potuit

722 1050 1091 1121 Ellendtius
1117 1048 1517 1145 (Prolegom.
1550 1047 1637 1117 ad
1667 1048 1947 1118 Brutum
1984 1073 2055 1142 p.
2079 1072 2222 1119 cxx.
2259 1047 2433 1145 sq.)‚
2474 1051 2667 1121 cuius

722 1176 968 1247 librum
992 1229 1013 1266 ‚
1088 1176 1306 1246 nescio
1367 1198 1503 1269 qua
1578 1174 1778 1270 culpa
1856 1196 2000 1244 mea
2021 1226 2043 1265 ‚
2115 1196 2332 1269 nuper
2391 1174 2665 1246 demum

720 1314 956 1373 nactus
1024 1324 1197 1371 sum.
1319 1298 1451 1370 Sed
1526 1312 1746 1369 tamen
1812 1324 1947 1371 non
2017 1301 2344 1394 exquisito
2363 1352 2385 1390 ,
2457 1314 2626 1396 puto
2644 1354 2667 1390 ,

719 1428 1024 1497 acumine
1062 1450 1232 1519 opus
1276 1437 1417 1495 erat
1455 1424 1542 1494 ad
1587 1423 2022 1494 divinandum
2066 1424 2233 1519 quid
2272 1448 2668 1521 magnopere

720 1554 790 1622 in
827 1552 1140 1622 Cicerone
1190 1549 1704 1645 reprehenderet
1736 1562 1806 1620 et
1850 1551 2093 1622 Calvus
2112 1603 2133 1639 ‚
2182 1564 2254 1622 et
2292 1551 2400 1621 alii
2445 1551 2664 1623 multi.

719 1680 865 1749 Non
902 1676 1194 1771 protuli,
1243 1699 1418 1770 quae
1445 1674 1837 1768 dignitatem
1870 1676 2286 1770 eloquentiae
2324 1676 2664 1747 Tullianae

718 1816 992 1899 possent
1019 1801 1296 1872 elevare.
1397 1802 1502 1871 Dii
1541 1801 1730 1871 boni!
1773 1804 1923 1895 quis
1954 1824 2273 1896 umquam
2306 1826 2507 1874 sanus
2543 1804 2670 1875 hoc

725 1927 939 1999 facere
980 1928 1047 1995 in
1093 1927 1389 1996 animum
1447 1923 1772 1997 inducet?
1870 1927 1967 1996 Ne
2014 1927 2259 2020 poterit
2298 1927 2574 2021 quidem
2612 1931 2668 2000 si

719 2054 921 2139 velit3
968 2052 1281 2147 quoniam
1317 2074 1450 2121 non
1485 2054 1891 2144 argumentis
1921 2064 2039 2122 aut
2072 2052 2460 2124 toetimoniis
2495 2077 2670 2149 quae

721 2176 1143 2273 proferantur
1202 2176 1366 2248 haec
1411 2177 1683 2247 crimina
1743 2178 2051 2249 nituntur
2069 2231 2091 2269 ‚
2156 2179 2274 2250 sed
2318 2200 2399 2250 ex
2443 2182 2669 2254 cuius-

721 2329 857 2400 que
913 2328 1112 2376 sensu
1173 2302 1708 2398 proficiscuntur.
1824 2303 2253 2398 Explicabam
2312 2318 2461 2377 tum
2503 2307 2668 2400 quid

727 2430 892 2502 mihi
948 2432 1327 2519 videretur,
1391 2441 1463 2500 et
1519 2443 1857 2524 tamquam
1913 2453 2144 2501 verens
2192 2454 2278 2501 ne
2326 2457 2525 2505 novas
2566 2456 2671 2504 τω

725 2559 942 2630 moliri
984 2557 1242 2628 viderer
1272 2558 1546 2627 excitavi
1583 2579 1853 2652 quoque
1885 2581 2113 2628 eorum
2144 2560 2515 2651 opiniones,
2552 2562 2671 2653 qui

730 2686 1057 2757 Ciceronis
1106 2684 1304 2753 aetati
1354 2684 1690 2754 coniuncti
1734 2682 2045 2770 fuerunt3
2096 2696 2244 2754 tum
2286 2683 2443 2755 huic
2496 2708 2628 2756 non
2649 2738 2669 2773 ‚

730 2823 810 2882 ut
855 2809 992 2898 illi,
1042 2809 1305 2905 Lysiam
1325 2862 1345 2899 ,
1394 2809 1513 2880 sed
1555 2811 1773 2904 ipsum
1812 2810 2323 2882 Demosthenem
2369 2811 2670 2905 opposui.

734 2939 871 3008 Nec
888 2936 1185 3032 profecto
1207 2935 1315 3008 hic
1332 2959 1635 3009 summus
1652 2950 1871 3007 orator
1895 2949 2180 3025 tantum,
2201 2911 2530 3031 quantum
2549 2949 2674 3007 tra·

732 3065 941 3150 ditur,
980 3063 1219 3131 actioni
1252 3060 1593 3128 tribuisset
1609 3109 1630 3145 ,
1656 3061 1712 3128 si
1743 3058 1918 3128 bene
1953 3058 2217 3128 dicendi
2247 3073 2459 3130 artem
2473 3063 2679 3155 ‘prae-

736 3188 933 3280 cipue
965 3183 1302 3254 Isocrateis
1337 3183 1610 3275 argutiis
1640 3195 1709 3252 et
1741 3181 1857 3251 illo
1887 3188 2335 3281 μυροθηκίῳ
2359 3188 2688 3262 contineri

738 3311 1122 3407 putavisset.
1242 3308 1375 3379 Sed
1439 3331 1658 3402 neque
1706 3310 1831 3381 ista
1897 3310 2039 3404 ipsa
2093 3334 2227 3382 non
2285 3315 2677 3407 exquisitam

738 3438 1057 3510 acuminis
1110 3436 1549 3507 subtilitatem
1593 3459 1717 3505 nec
1769 3436 2118 3508 acerrimos
2170 3438 2411 3531 ingenii
2460 3452 2678 3510 motus

738 3565 1090 3659 requirunt
1109 3615 1130 3653 ‚
1165 3575 1234 3633 et
1268 3563 1324 3633 si
1360 3560 1747 3633 eorumdem
1776 3562 1993 3634 abusu
2018 3585 2325 3658 peccasse
2358 3562 2680 3638 dicendus

743 3705 845 3763 est
889 3691 1118 3761 Cicero
1144 3742 1164 3778 ‚
1213 3688 1630 3760 excusandus
1660 3689 1786 3759 erit
1820 3687 1935 3770 illo
1972 3688 2298 3779 Enniano,
2347 3692 2419 3760 in
2448 3690 2574 3760 alia
2611 3715 2683 3761 re

740 3818 826 3887 ab
887 3819 1032 3910 ipso
1089 3826 1409 3909 usurpato
1429 3867 1450 3904 ‚
1491 3815 1820 3905 facilia-s·
1855 3815 2234 3906 flammam
2276 3840 2395 3885 ora
2435 3822 2517 3886 in
2559 3844 2681 3888 ar-

740 3945 945 4013 dente
981 3944 1329 4032 opprimi,
1379 3966 1595 4032 quam
1638 3943 1817 4011 bona
1856 3944 2048 4013 dicta
2093 3947 2345 4013 teneri.

840 4066 971 4137 Sed
1012 4079 1089 4138 ut
1131 4067 1476 4140 redeamus
1512 4067 1693 4139 unde
1735 4069 2007 4162 digressi
2053 4093 2326 4160 sumus,
2364 4071 2682 4143 ubertatis
