3131 5032
1572 514 1738 544 ...d-

685 704 1162 776 humanitatem
1217 718 1289 776 et
1334 704 1764 797 obsequium:
1812 705 1997 799 quod
2032 705 2236 801 quale
2272 708 2358 778 sit
2399 730 2625 779 recen-

689 832 816 901 tior
864 854 984 901 nos
1031 829 1300 902 historia
1347 830 1619 901 abunde
1665 830 1886 903 docet.
1983 832 2120 903 Sed
2158 857 2292 905 non
2332 836 2629 906 constitit

692 955 805 1027 ille
866 979 1008 1029 mos
1072 957 1243 1027 intra
1311 958 1565 1029 curiam
1607 970 1725 1030 aut
1768 957 2119 1030 subsellia:
2165 959 2635 1031 dominabatur

692 1084 762 1159 in
825 1085 1083 1178 privato
1145 1106 1417 1178 quoque
1481 1106 1784 1156 sermone
1801 1137 1823 1175 ,
1887 1098 2033 1156 tum
2089 1086 2158 1156 in
2206 1087 2285 1157 iis
2325 1109 2500 1182 quae
2544 1088 2636 1157 ab

688 1210 922 1282 iisdem
979 1210 1360 1282 hominihus
1421 1212 1675 1305 scripto
1731 1211 2294 1304 consignarentur.
2404 1214 2638 1308 Itaque

691 1335 1123 1408 confirmatus
1174 1358 1318 1409 esse
1386 1336 1568 1407 mihi
1607 1337 1872 1408 videtur
1930 1338 1985 1409 is
2046 1340 2362 1410 sermonis
2414 1339 2597 1411 color
2615 1392 2635 1428 ,

689 1486 827 1557 quo
894 1486 1029 1534 non
1091 1474 1353 1533 tantum
1419 1475 1613 1535 vetus
1670 1462 1841 1534 illud
1885 1464 2254 1536 incomtum
2292 1477 2364 1534 et
2414 1477 2644 1535 auste-

690 1613 885 1679 rum,
956 1588 1145 1685 quod
1215 1589 1373 1659 olim
1446 1591 1794 1684 proprium
1866 1588 2084 1661 fuerat
2148 1592 2640 1678 Romanorum,

691 1714 1099 1786 emolliretur
1112 1766 1134 1805 ‚
1175 1715 1295 1786 sed
1332 1739 1469 1786 non
1503 1716 1649 1788 sine
1686 1717 1913 1810 aliquo
1949 1717 2310 1787 venustatis
2341 1728 2413 1786 et
2442 1715 2640 1786 liber·

694 1844 848 1913 tatis
902 1841 1303 1912 detrimento
1350 1842 1635 1934 dignitas
1691 1839 2021 1933 quaedam
2062 1842 2347 1911 oriretur
2390 1854 2464 1911 et
2499 1842 2644 1912 offi-

692 1968 866 2037 ciosa
905 1965 1177 2036 ubertas
1224 1977 1295 2035 et
1339 1965 1734 2037 ambitiosus
1774 1964 2076 2038 delectus
2095 2017 2117 2056 ‚
2164 1969 2356 2040 cuius
2389 1981 2650 2040 contra-

695 2092 872 2163 rium
922 2103 1066 2161 erat
1110 2090 1307 2162 verbi
1376 2116 1580 2164 causa
1640 2093 1711 2162 in
1760 2093 1970 2163 Mario
1994 2146 2016 2184 ,
2063 2115 2269 2189 quem
2321 2095 2652 2166 Salustius

696 2219 893 2315 (Cap.
940 2214 1061 2289 63.
1105 2217 1281 2315 lug.)
1304 2268 1325 2306 ‚
1374 2216 1651 2291 fortasse
1704 2243 1862 2290 cum
1917 2221 2118 2291 tacita
2175 2221 2546 2291 multorum
2580 2234 2653 2291 et

698 2345 1029 2417 Ciceronis
1051 2344 1559 2439 reprehensione
1577 2397 1599 2435 ,
1635 2345 1800 2417 dicit
1822 2347 2201 2437 stipendiis
2211 2347 2605 2437 faciundis
2626 2398 2649 2436 ,

702 2496 846 2541 mm
904 2470 1183 2541 Graeca
1221 2472 1595 2563 facundia
1659 2495 1883 2564 nequo
1930 2472 2235 2542 urbanis
2273 2473 2654 2543 munditiis

701 2624 850 2671 sese
894 2622 1149 2669 exercet
1157 2602 1316 2668 isse.

801 2727 1179 2815 Tenemus,
1222 2726 1349 2797 nisi
1403 2724 1639 2814 fallor,
1688 2727 1942 2796 climen
1975 2726 2199 2819 ipsum
2237 2724 2424 2819 quod
2460 2725 2652 2797 Cice-

705 2854 851 2927 roni
903 2851 1215 2923 obiicitur
1233 2903 1255 2942 ,
1319 2852 1377 2923 si
1437 2852 1640 2922 modo
1691 2851 1764 2921 in
1807 2863 1990 2922 tanta
2038 2850 2393 2921 verborum
2433 2850 2651 2944 inopia

705 2980 864 3050 saus
931 2959 1308 3050 'declarasse
1363 2977 1613 3049 videor.
1735 2978 2089 3063 Quaeritur
2141 2990 2366 3047 auten:
2383 3028 2406 3067 ‚
2465 2976 2650 3070 quod

704 3126 914 3197 genus
946 3103 1255 3173 orationis
1293 3101 1529 3172 Graeci
1550 3153 1573 3189 ,
1620 3124 1753 3171 non
1795 3100 2039 3171 iudicio
2076 3102 2484 3191 omiserunt,
2531 3102 2652 3173 sed

712 3240 989 3325 propter
1024 3227 1353 3298 diversam
1399 3239 1779 3322 temporum
1826 3226 2288 3322 societatisque
2327 3227 2656 3299 conditio-

714 3379 868 3428 nem
900 3357 1286 3449 ignorarunt
1303 3407 1325 3445 ,
1364 3353 1433 3423 id
1467 3357 1614 3449 ipso
1645 3354 1761 3424 illo
1792 3354 2171 3425 discrimine
2201 3352 2656 3425 damnandum

711 3485 799 3555 sit
817 3536 842 3573 ,
907 3505 995 3552 an
1059 3506 1211 3553 suas
1276 3481 1517 3552 habeat
1571 3482 1935 3575 elegantiae
1960 3531 1983 3570 ,
2048 3480 2514 3552 moderationis
2579 3504 2660 3551 ac

712 3610 1052 3704 dignitatis
1113 3609 1716 3681 commendationes
1734 3660 1756 3698 ,
1802 3609 2076 3680 servatis
2108 3608 2494 3702 praesertim
2536 3608 2615 3678 iis
2634 3658 2660 3696 ‚

714 3737 857 3812 aine
885 3735 1134 3831 quibus
1168 3734 1351 3806 nulla
1374 3735 1547 3806 bene
1578 3734 1845 3805 dicendi
1881 3733 2027 3805 laus
2054 3746 2355 3805 constare
2380 3730 2661 3828 potest?

714 3862 1168 3933 Devoravisset
1232 3860 1506 3934 fortasse
1559 3860 1896 3933 Tullianas
1959 3862 2247 3933 actiones
2292 3859 2660 3932 Athenien-

711 3988 883 4059 sium
918 3990 1149 4060 concio
1167 4039 1189 4078 ‚
1204 3987 1261 4059 si
1283 3987 1745 4059 Demosthenis
1784 3999 2002 4058 aetate
2038 3985 2271 4058 audire
2292 3987 2660 4080 potuisset:

714 4115 1041 4190 idcircone
1113 4116 1360 4188 Romae
1421 4117 1642 4187 minus
1709 4113 2129 4209 probandum
2198 4123 2341 4184 erat
2396 4109 2660 4183 dicendi
