3131 5032
1156 457 1300 527 ιω.
1344 457 1470 546 ιιι,
1515 463 1636 543 20,
1682 463 1787 526 48.
2323 463 2449 529 em
2562 415 2570 423 ⁶

484 663 787 743 improbat
813 664 1124 742 Zumptius
1141 708 1160 740 ,
1198 664 1381 743 eique
1412 662 1736 724 verborum
1770 681 2016 744 quoque
2049 666 2284 728 obstare
2312 668 2449 728 eol·—

477 768 841 829 louationem
867 766 1017 827 dicit
1033 812 1050 841 ,
1091 773 1154 827 et
1170 766 1407 846 publico
1434 787 1675 826 oausam
1705 765 1897 825 dicer-s
1923 766 2184 845 explieat
2217 793 2249 826 n
2266 788 2446 831 reum

479 889 658 931 »ene
704 870 773 929 in
819 888 999 930 eausa
1042 869 1352 948 publiea.”
1454 867 1827 928 Postremum
1876 866 1994 929 hoo
2041 888 2236 948 quum
2293 872 2450 933 mihi

478 971 792 1033 imolitum
844 971 1121 1032 videatur
1135 1016 1156 1046 ‚
1213 970 1435 1031 vellem
1484 970 1780 1049 exemplis
1825 977 1888 1030 et
1933 971 2270 1033 rationibus
2303 993 2450 1052 pro-

477 1074 735 1135 bavisset
781 1074 881 1134 vir
930 1072 1486 1153 praestantissimus.
1580 1073 1730 1132 Nam
1746 1118 1765 1149 ,
1803 1072 1922 1132 nisi
1956 1072 2134 1134 fallor
2148 1119 2168 1150 ,
2204 1075 2450 1154 publius

474 1175 679 1237 faeere
727 1174 880 1255 quid
929 1194 1056 1236 non
1106 1174 1222 1234 nisi
1266 1175 1317 1233 is
1358 1174 1584 1234 dieitur
1600 1219 1619 1250 ,
1659 1175 1769 1254 qui
1808 1175 1904 1235 vel
1937 1175 2004 1234 in
2036 1176 2284 1254 publico
2316 1196 2447 1237 mu·

476 1297 627 1338 nere
661 1277 807 1339 saeit
841 1297 954 1357 pro
984 1275 1119 1337 eius
1155 1276 1426 1336 muneris
1457 1274 1689 1350 officio,
1732 1285 1834 1336 ant
1867 1276 1980 1356 qui
2008 1277 2258 1338 nomine
2289 1278 2448 1338 eivi-

479 1380 617 1440 tatis
663 1379 841 1439 faoit:
899 1377 1293 1441 Charidemus
1344 1385 1549 1437 autem
1597 1397 1709 1456 pro
1755 1399 1819 1438 se
1861 1378 2050 1439 dixit:
2100 1388 2233 1440 tum
2249 1424 2270 1456 ‚
2322 1400 2448 1441 non

479 1481 776 1542 attinebat
823 1479 891 1540 in
936 1480 1053 1541 hae
1091 1480 1436 1540 narratione
1468 1482 1928 1541 oommemorari
1962 1501 2037 1541 ex
2070 1501 2195 1561 qno
2226 1501 2452 1560 genere

478 1603 801 1645 eanmum
852 1583 959 1644 illa
1009 1584 1168 1644 aetio
1215 1582 1422 1642 fuisset
1440 1626 1458 1657 ,
1499 1581 1608 1641 sed
1641 1582 2082 1644 accusationem
2115 1583 2453 1645 institutam

485 1686 667 1747 fui-e
717 1686 965 1765 publiea
981 1731 1000 1762 ,
1042 1686 1085 1748 i.
1121 1705 1177 1747 e.
1213 1685 1461 1746 nemine
1509 1684 1847 1745 Samiorum
1900 1684 2178 1746 civitatis.
2212 1717 2294 1732 -
2333 1687 2456 1768 Qui

486 1789 724 1870 quidus
757 1787 960 1848 media
986 1794 1222 1847 tantum
1249 1786 1636 1846 distinetione
1662 1805 1697 1844 a
1725 1786 2134 1864 superioribus
2159 1789 2456 1865 separavi,

483 1890 654 1970 quod
707 1889 1135 1950 refutationem
1188 1896 1295 1950 aut
1344 1887 1874 1967 reprehensionem
1925 1889 2237 1967 sequentia
2268 1889 2458 1950 eonti-

484 2000 654 2054 nent.
734 1991 886 2052 Tum
904 2038 922 2069 ,
964 1991 1181 2052 sustuli
1213 1989 1680 2051 Coniunctivum
1718 1991 1846 2049 sint
1859 2035 1879 2066 ,
1919 1991 2274 2052 auctoritate
2305 1991 2459 2070 opti·

483 2112 725 2155 morum
772 2093 1070 2154 librorum
1092 2138 1111 2168 ‚
1152 2100 1214 2151 et
1262 2093 1496 2152 ratione
1526 2089 1838 2151 suadente.
1921 2091 2096 2165 Quod
2129 2092 2274 2152 dein
2310 2092 2456 2154 boni

447 2209 450 2212 “
487 2195 630 2256 libri
677 2207 764 2256 set
813 2195 1102 2255 omittunt
1152 2201 1286 2272 post
1335 2192 1549 2252 melius
1565 2238 1584 2268 ‚
1638 2213 1763 2253 non
1807 2192 2061 2272 quidem
2106 2194 2458 2273 improban-

483 2297 640 2358 dum
662 2341 681 2372 ,
717 2316 835 2356 nee
865 2305 1070 2356 tamma
1103 2295 1433 2355 necessario
1466 2293 1847 2372 sequendum
1882 2303 2029 2356 erat.

569 2400 864 2480 integram
889 2409 1085 2457 tom
1111 2396 1293 2477 legens
1322 2428 1402 2442 -
1430 2394 1681 2472 mari)
1759 2393 1972 2473 Inepta
2000 2397 2065 2454 in
2094 2395 2267 2457 bonis
2289 2397 2463 2458 libris

490 2497 805 2564 nonnullis
850 2506 934 2559 est
984 2497 1168 2558 leetio
1202 2497 1351 2578 lagi.-
1390 2515 1591 2576 neque
1629 2494 1974 2576 indigemus
1997 2497 2219 2559 Davisii
2250 2499 2462 2561 conie-

488 2612 665 2665 etura
682 2648 700 2679 ,
731 2604 922 2687 piem.
1003 2601 1137 2680 Ipsa
1171 2600 1272 2660 lex
1305 2600 1540 2677 integra
1578 2600 1929 2659 servabatur
1945 2646 1963 2677 ,
2008 2601 2049 2661 i.
2088 2622 2142 2663 e.
2176 2601 2286 2662 illo
2322 2621 2460 2662 een-

485 2725 692 2769 sorum
723 2702 1099 2785 praeiudicio
1131 2702 1289 2762 nihil
1324 2701 1713 2761 minuebatur
1747 2702 1825 2761 de
1854 2722 1925 2763 ea
1951 2702 2114 2780 lege,
2155 2723 2314 2783 quae
2343 2704 2460 2764 eri·

489 2808 758 2869 minibus
799 2807 924 2867 illis
953 2827 1206 2887 posnam
1251 2807 1467 2865 noxios
1502 2824 1712 2884 pamm
1763 2824 1888 2864 esse
1932 2806 2215 2879 iubebat,
2254 2805 2323 2887 (§
2358 2806 2457 2868 46.

491 2907 657 2989 init.)
699 2910 785 2970 ita
834 2916 906 2968 nt
957 2915 1150 2988 posset
1196 2914 1500 2970 aecusator
1550 2906 1869 2982 exsistere,
1903 2908 2012 2986 qui
2048 2908 2350 2986 privatum
2391 2909 2459 2968 in

492 3010 796 3072 iudicium
837 3016 1096 3071 voearet.

573 3111 739 3171 loom
789 3112 916 3190 ipss
966 3121 1022 3169 es
1073 3128 1195 3167 non
1244 3104 1539 3187 admonet)
1644 3109 1863 3168 Tamen
1878 3154 1897 3184 ,
1955 3109 2123 3189 quod
2177 3110 2460 3171 nonnulli

491 3212 721 3275 habent
748 3211 928 3288 libri,
963 3210 1390 3288 interpolatum
1426 3209 1706 3285 videtur,
1740 3212 2039 3289 corruptis
2054 3256 2072 3285 ‚
2101 3219 2208 3271 aut
2238 3211 2465 3272 omissis

494 3329 552 3378 es
581 3336 723 3377 m.
790 3314 977 3395 Atqui
1005 3312 1240 3393 requiri
1268 3320 1418 3390 puto
1455 3310 1712 3372 formam
1746 3312 2267 3391 interrogativam‚
2303 3333 2462 3391 quae

492 3418 763 3483 vindieat
796 3425 860 3478 et
892 3417 1061 3478 illam
1094 3414 1358 3495 negandi
1389 3413 1750 3492 particulam
1769 3460 1787 3487 ‚
1830 3421 1892 3473 et
1925 3422 1992 3475 ut
2025 3415 2201 3475 initio
2232 3416 2381 3493 quid
2403 3418 2463 3475 si

495 3530 801 3582 ses-veturz
843 3527 1180 3598 utrumque
1211 3519 1349 3578 satis
1384 3517 1662 3577 firmatur
1694 3516 1993 3577 librorum
2030 3518 2403 3579 auctoritate.

577 3619 622 3702 §
660 3620 761 3681 48.
815 3623 886 3681 ds
904 3625 1035 3682 inu-s
1056 3622 1268 3701 populi
1287 3621 1582 3692 Romani,
1611 3620 2091 3698 quemadmodum
2116 3619 2466 3702 instituisti)

497 3721 661 3799 Quid
694 3721 994 3800 intelligat
1026 3725 1125 3783 inu
1150 3724 1362 3804 populi
1397 3723 1511 3797 R„
1551 3720 1681 3801 ipse
1716 3741 1856 3785 mox
1891 3723 2156 3802 explieat
2193 3720 2460 3800 Atticus,

499 3825 545 3887 i.
578 3844 634 3887 e.
663 3842 789 3905 quo
816 3823 988 3900 iure,
1022 3831 1085 3883 et
1116 3843 1236 3903 qua
1266 3831 1554 3902 potestate
1584 3824 1810 3902 singuli
1843 3831 2039 3884 essent
2066 3826 2462 3903 magistratus.

496 3923 847 4007 Propterea,
875 3924 1151 3987 nondum
1187 3943 1223 3984 a
1253 3925 1696 4004 magistratibus
1727 3924 2137 4001 disoeffivnR,
2172 3932 2242 3984 ut
2277 3930 2463 3983 trans·

496 4036 676 4091 eatur
706 4028 786 4091 ad
817 4027 1072 4090 indicio.

578 4126 2023 4211 quflmbmmhoomquodrequim)
2117 4125 2459 4190 Siflarous
