3131 5032
1158 394 1301 462 Lm.
1348 394 1445 481 11,
1503 398 1608 481 19,
1661 399 1767 467 47.
2299 410 2428 475 549

481 601 769 664 omnino?
850 600 1063 662 Rarius
1112 609 1200 661 est
1253 613 1420 662 acute
1473 606 1711 665 movet-i.
1794 604 2087 684 Equidem
2138 611 2421 690 require,

478 708 585 785 qui
615 705 782 765 modo
824 706 1065 787 ingenio
1101 706 1184 763 sit
1213 704 1516 766 mediocri.
1600 707 1758 768 Orat.
1796 707 1893 784 11,
1935 709 2045 785 27,
2093 710 2242 788 119,
2282 714 2427 775 haec

475 820 616 868 sunt
674 811 874 868 omnia
934 809 1170 889 ingenii
1217 808 1312 866 vel
1360 808 1689 871 mediocris.
1740 843 1819 855 —
1869 812 2027 887 Mox,
2086 815 2242 875 nihil
2297 817 2420 875 vidi

476 930 590 971 cur
626 913 784 972 teias
822 918 1117 971 mutarem
1155 910 1223 970 in
1261 912 1434 972 sciat.

1211 1114 1481 1184 CAPUT
1523 1116 1690 1183 XIX.

554 1322 597 1405 ς
638 1322 736 1385 47.
833 1323 934 1382 ,ea
981 1323 1393 1382 sumemus
1441 1322 1544 1407 -)
1647 1325 1765 1385 sea
1814 1291 2252 1388 advsersativum
2304 1337 2391 1389 est
2408 1377 2426 1405 ‚

473 1444 591 1486 nec
623 1425 940 1486 transitum
970 1423 1047 1484 ad
1079 1424 1197 1485 alia
1233 1425 1460 1485 indicat
1497 1426 1559 1487 h.
1589 1427 1632 1487 l.
1714 1427 1946 1506 Duplex
1977 1431 2274 1491 accusatio
2308 1439 2395 1490 est
2413 1478 2429 1507 ‚

476 1528 644 1608 prior
677 1528 975 1603 malitiae,
1015 1528 1202 1587 altera
1230 1527 1638 1606 ignorantiae:
1673 1530 1831 1590 conf.
1868 1531 2133 1594 Muraen.
2174 1534 2427 1594 11—13.

478 1630 640 1690 Orat.
680 1629 743 1705 l,
786 1630 886 1691 42.
927 1650 1014 1710 eq.
1055 1631 1156 1708 11,
1195 1630 1312 1707 33,
1355 1630 1489 1691 init.
1624 1696 1633 1707 .

555 1734 841 1812 quaedam
892 1755 989 1794 ars
1040 1746 1126 1794 est
1174 1736 1354 1794 etiam
1405 1734 1678 1817 docendi)
1755 1735 1867 1795 Est
1908 1757 2074 1798 nunc
2122 1747 2434 1818 receptum

474 1834 773 1897 librorum
828 1838 1212 1914 auctoritate3
1286 1857 1488 1917 neque
1553 1838 1753 1897 abesse
1812 1824 2078 1919 poterat,
2109 1864 2117 1871 ·
2147 1844 2437 1921 quoniam

474 1939 654 2018 plena
705 1959 816 2019 per
862 1960 925 2001 se
975 1941 1321 2001 enunciatio
1372 1949 1478 2001 est.
1518 1973 1599 1986 —·
1641 1940 1729 2001 De
1764 1940 1956 2001 forma
1995 1944 2165 2002 verbi
2198 1947 2432 2025 dispar-

474 2043 739 2118 tiuntur,
780 2060 964 2120 quam
991 2041 1038 2099 1)
1066 2049 1292 2116 servat,
1322 2041 1487 2103 vidd.
1514 2041 1867 2120 Heusingeri
1889 2043 1967 2103 nd
1985 2043 2147 2106 Offic.
2167 2047 2196 2106 1
2212 2045 2351 2121 ‚26,
2371 2046 2429 2108 9.

475 2143 632 2206 Cort.
675 2143 754 2205 ad
786 2144 940 2205 Plin.
978 2144 1122 2224 Epp.
1154 2145 1217 2221 1,
1265 2144 1368 2220 12,
1408 2144 1467 2206 7.
1509 2143 1621 2220 IV,
1662 2144 1773 2223 23,
1814 2145 1873 2206 3.
1908 2178 1989 2190 —
2023 2146 2233 2209 Paullo
2265 2158 2430 2227 post,

477 2258 535 2306 et
567 2249 748 2305 iidem
784 2248 1113 2307 necessaria
1149 2247 1391 2307 videtur
1441 2248 1738 2309 correctio
1770 2269 1930 2326 esse,
1979 2270 2171 2332 quum
2221 2253 2436 2332 optimi

479 2349 711 2426 quique
750 2355 988 2407 servent
1026 2360 1081 2406 et
1109 2349 1310 2426 fidem.

560 2461 657 2527 at,
683 2451 886 2529 inquit
907 2451 1122 2510 Publii
1150 2451 1360 2531 filiae,
1401 2449 1507 2531 —)
1585 2451 1717 2512 Non
1758 2461 1845 2511 eet
1880 2454 1997 2513 hoc
2029 2452 2435 2534 fragmentum

478 2554 794 2630 sermonis,
833 2575 869 2615 a
901 2554 1188 2614 Cicerone
1216 2562 1548 2630 servatum,
1589 2562 1658 2615 ut
1683 2555 1939 2615 Moser-us
1970 2556 2211 2617 videtur
2241 2560 2435 2618 existi-

477 2676 675 2734 mare3
718 2655 822 2716 sed
850 2656 1233 2735 dialogismus
1261 2665 1374 2733 est,
1414 2657 1910 2718 demonstrationi
1938 2649 2436 2723 accommodatum

477 2760 609 2820 Hoc
651 2761 849 2840 iprum
885 2780 1109 2841 genus,
1150 2761 1192 2820 i.
1230 2781 1285 2820 e.
1322 2761 1525 2820 locum
1574 2760 1654 2820 de
1704 2762 1882 2821 sacris
1929 2763 2263 2840 perpetuis,
2304 2784 2438 2824 ma-

478 2882 665 2941 gnum
720 2864 898 2923 nimis
949 2863 1181 2922 faciunt
1226 2863 1570 2924 Scaevolae:
1618 2864 1721 2924 cui
1755 2864 2209 2942 reprehensioni
2251 2867 2434 2927 obiici

476 2966 590 3026 sibi
627 2966 802 3045 fingit
832 2986 868 3027 a
897 2965 1099 3026 Publii
1124 2967 1251 3027 filio
1283 2968 1467 3046 patris
1500 2968 1934 3027 anctoritatem.
1971 3000 2053 3014 —-
2091 2968 2278 3049 Saepe
2309 2990 2432 3030 me·

474 3070 594 3131 rito
642 3089 808 3130 nunc
861 3070 1172 3130 exclusum
1216 3078 1339 3144 est,
1378 3070 1545 3149 quod
1570 3079 1810 3149 praeter
1841 3070 2080 3148 Lagom.
2123 3071 2255 3133 124.
2294 3073 2429 3135 126.

472 3174 680 3233 nullus
714 3191 989 3233 meorum
1016 3173 1216 3234 habet.
1294 3172 1568 3232 Dubitari
1606 3181 1803 3233 tamen
1835 3181 2028 3251 potest
2062 3193 2139 3233 an
2175 3187 2238 3235 at
2266 3184 2433 3236 recte

469 3275 737 3356 legatur:
778 3296 920 3335 nam
971 3296 1007 3335 e
1053 3274 1237 3337 Codd.
1275 3276 1535 3353 vestigiis
1553 3321 1572 3350 ‚
1613 3295 1872 3354 quorum
1912 3276 2160 3356 quidem
2195 3279 2431 3362 potissi-

470 3399 640 3439 mum
679 3379 833 3439 ratio
874 3378 1151 3440 habenda
1187 3380 1292 3454 sit,
1334 3386 1457 3438 tam
1497 3379 1656 3438 bene
1694 3380 2097 3439 coniiceretur
2134 3380 2259 3442 hoc.

555 3493 662 3541 aut
690 3481 811 3541 ullo
845 3483 1083 3541 omnino
1110 3479 1217 3561 —-)
1296 3481 1418 3541 Hoc
1444 3501 1657 3542 verum
1692 3502 1816 3542 esse
1843 3503 1963 3542 non
1998 3502 2198 3561 posse,
2240 3486 2432 3545 anim-

475 3579 862 3642 adverterunt
898 3585 1014 3643 viri
1049 3583 1244 3661 docti;
1288 3604 1431 3643 nam
1477 3604 1602 3645 esse
1643 3593 1845 3645 tamen
1892 3586 2190 3665 quaedam
2229 3590 2427 3667 capita

472 3683 622 3742 iuris
663 3684 890 3760 civilis,
929 3705 1086 3765 quae
1128 3706 1270 3747 cum
1311 3687 1621 3767 pontificio
1656 3690 1775 3747 sint
1808 3690 2149 3750 coniuncta.
2229 3691 2426 3769 Igitur

473 3785 581 3846 alii
637 3788 940 3864 corrigere
997 3787 1392 3865 studuerunt,
1451 3803 1556 3851 aut
1615 3793 1903 3852 luminum
1921 3839 1937 3867 ‚
1998 3792 2269 3853 Davisius
2318 3807 2425 3855 aut

470 3889 680 3950 ciuili.
783 3890 858 3950 Si
912 3897 1074 3949 certe
1126 3910 1248 3951 non
1294 3892 1411 3951 nisi
1461 3896 1525 3952 in
1572 3894 1806 3954 duobus
1849 3896 1997 3954 meis
2034 3895 2240 3955 Ambr.
2278 3917 2329 3975 γ.
2359 3906 2422 3956 et

470 3990 653 4053 But-n.
702 3994 756 4053 δ.
810 3992 1005 4055 abest:
1059 3992 1224 4054 unde
1270 3996 1364 4055 vir
1409 3996 1620 4057 doctus
1658 3999 1723 4055 iu
1754 3996 1887 4058 obs.
1926 3996 2165 4059 miscell.
2200 4030 2281 4042 —
2316 4010 2421 4059 aut

467 4094 589 4155 ullo
638 4097 878 4155 omnino
923 4097 1048 4156 nien·
1097 4099 1251 4176 quod
1285 4119 1415 4160 cum
1451 4120 1497 4159 r.
1517 4125 1536 4157 .·
1577 4120 1757 4179 quam
1795 4100 2274 4162 emendationem
2311 4102 2420 4162 ab·-
