3131 5032
577 3187 666 3244 1⁰.

1621 434 1718 507 40

707 657 838 726 via.
887 655 984 724 M.
1021 655 1219 723 Hanc
1244 650 1464 748 igitur
1491 644 1700 718 video
1724 644 2410 742 sapientissimorum
2432 624 2662 710 fuisse

708 776 1172 862 sententiam,
1219 769 1452 868 legem
1493 789 1732 862 neque
1782 761 2160 834 hominum
2198 761 2505 855 ingeniis
2536 783 2660 831 ex-

713 895 1126 989 cogitatam,
1186 913 1321 961 nec
1366 890 1625 958 scitum
1666 880 1958 979 aliquod
1999 904 2149 952 esse
2186 877 2664 978 populorum,

712 1010 834 1083 sed
863 1020 1232 1084 aeternum
1260 1001 1843 1105 quiddam,quod
1866 1005 2277 1072 universum
2305 995 2664 1069 mundum

714 1144 995 1228 regeret
1044 1125 1444 1228 imperandi
1490 1120 2070 1223 prohibendique
2115 1120 2482 1218 sapientia.
2555 1121 2667 1188 Ita

714 1252 1117 1349 principem
1167 1247 1400 1345 legem
1447 1244 1639 1316 illam
1683 1254 1756 1314 et
1795 1240 2121 1313 ultimam
2158 1250 2476 1309 mentem
2509 1258 2667 1307 esse

714 1367 1050 1440 dicebant
1091 1370 1333 1438 omnia
1378 1367 1655 1437 ratione
1688 1374 1813 1434 aut
1850 1361 2170 1456 cogentis
2201 1371 2326 1429 aut
2362 1357 2671 1428 vetantis

715 1488 853 1561 dei.
904 1493 1005 1560 Ex
1037 1512 1184 1586 qua
1209 1485 1328 1558 illa
1352 1484 1497 1573 lex,
1527 1505 1747 1581 quam
1784 1478 1887 1550 dii
1921 1477 2240 1549 humano
2273 1478 2522 1575 generi
2546 1472 2672 1546 de-

715 1607 1013 1698 derunt,
1048 1621 1239 1680 recte
1263 1618 1372 1677 est
1393 1600 1696 1675 laudata.
1744 1602 1866 1670 Est
1890 1600 2077 1668 enim
2107 1598 2288 1667 ratio
2317 1617 2669 1690 mensque

718 1730 1056 1829 sapientis
1088 1725 1178 1799 ad
1208 1720 1607 1795 iubendum
1641 1730 1714 1790 et
1740 1716 1829 1789 ad
1855 1713 2367 1788 deterrendum
2389 1711 2670 1785 idonea.

718 1851 807 1939 Q.
847 1847 1246 1943 Aliquoties
1282 1847 1425 1913 iam
1464 1843 1600 1911 iste
1637 1837 1838 1908 locus
1872 1861 1915 1908 a
1952 1849 2024 1907 te
2059 1847 2292 1906 tactus
2330 1846 2455 1904 est.
2531 1830 2675 1905 Sed

720 1982 1108 2062 antequam
1156 1962 1245 2035 ad
1303 1958 1685 2060 populares
1734 1955 1926 2054 leges
1971 1957 2237 2044 veniaS,
2281 1956 2429 2048 yim
2467 1956 2674 2025 istius

725 2085 1051 2158 coelestis
1104 2083 1280 2180 legis
1341 2078 1668 2178 explana,
1723 2079 1782 2146 si
1822 2074 2091 2174 placet,
2140 2099 2232 2146 ne
2263 2086 2500 2145 aestus
2538 2097 2674 2145 nos

724 2201 1265 2278 consuetudinis
1314 2197 1727 2287 absorbeat,
1775 2210 1848 2268 et
1885 2194 1975 2267 ad
2014 2198 2365 2266 sermonis
2399 2217 2677 2265 morem

722 2329 967 2397 usitati
1007 2321 1261 2396 trahat.
1373 2324 1471 2393 M.
1519 2322 1580 2390 A
1612 2321 1847 2418 parvis
1881 2318 2107 2405 enim,
2151 2317 2461 2406 Quinte,
2497 2314 2680 2387 didi-

726 2449 984 2536 cimus,
1027 2447 1097 2515 si
1131 2446 1206 2513 in
1239 2445 1350 2512 ius
1386 2455 1610 2531 vocat,
1649 2452 1868 2535 atque
1900 2434 2251 2508 eiusmodi
2278 2434 2472 2534 leges
2506 2435 2681 2508 alias

725 2569 1119 2637 nominare.
1207 2562 1345 2634 Sed
1388 2585 1560 2632 vero
1603 2557 1906 2655 intelligi
1944 2558 2045 2627 sic
2075 2568 2395 2654 oportet,
2432 2569 2503 2627 et
2536 2554 2681 2629 hoc

727 2698 801 2757 et
836 2684 973 2757 alia
1003 2687 1193 2755 iussa
1223 2705 1307 2753 ac
1339 2675 2030 2777 vetita,populorum
2052 2677 2198 2744 vim
2227 2682 2246 2721 ¹
2290 2672 2559 2746 habere
2590 2672 2686 2746 ad

729 2819 924 2880 recte
971 2802 1156 2877 facta
1198 2799 1503 2874 vocandi
1554 2811 1629 2869 et
1666 2821 1708 2868 a
1742 2798 2046 2892 peccatis
2083 2792 2456 2865 avocandi:
2493 2818 2684 2891 quae

730 2927 837 2994 vis
883 2910 1033 2995 non
1081 2920 1299 2993 modo
1335 2922 1580 2991 senior
1617 2929 1724 2988 est
1761 2938 1979 3012 quam
2016 2926 2205 2984 aetas
2243 2911 2687 3012 populorum

734 3056 807 3114 et
830 3047 1232 3128 civitatum,
1267 3038 1392 3110 sed
1424 3034 1743 3133 aequalis
1763 3032 1952 3104 illius
1984 3030 2266 3104 coelum
2300 3046 2520 3130 atque
2540 3046 2687 3104 ter-

735 3188 848 3235 ras
876 3163 1145 3233 tuentis
1174 3173 1247 3230 et
1281 3159 1596 3253 regentis
1629 3154 1766 3226 dei.
1799 3156 2055 3250 Neque
2085 3155 2279 3223 enim
2307 3175 2460 3223 esse
2483 3174 2692 3224 mens

734 3281 970 3354 divina
1028 3282 1182 3349 sine
1237 3278 1517 3347 ratione
1564 3286 1833 3372 potest,
1871 3296 2008 3343 nec
2046 3275 2230 3343 ratio
2261 3270 2503 3344 divina
2537 3294 2690 3342 non

733 3399 926 3472 hanc
974 3401 1117 3469 vim
1159 3399 1237 3466 in
1290 3398 1505 3466 rectis
1555 3396 1937 3492 pravisque
1967 3388 2366 3462 sanciendis
2392 3388 2613 3463 habet
2635 3398 2689 3461 ².

605 3611 626 3622 q
735 3525 887 3593 Nec
923 3521 1091 3617 quia
1130 3539 1487 3614 nusquam
1524 3526 1677 3585 erat
1719 3515 2099 3611 scriptum,
2135 3524 2218 3582 ut
2251 3523 2501 3582 contra
2531 3535 2691 3581 om-

738 3665 866 3713 nes
928 3637 1251 3709 hostium
1304 3637 1545 3733 copias
1586 3636 1659 3703 in
1708 3646 1931 3731 ponte
1980 3654 2171 3702 unus
2226 3633 2582 3702 assisteret
2648 3652 2693 3702 a

734 3776 1088 3860 tergoque
1123 3770 1422 3855 pontem
1457 3751 1873 3826 interscindi
1903 3750 2219 3842 iuberet,
2249 3749 2518 3822 idcirco
2556 3752 2693 3819 mi-

737 3906 877 3953 nus
906 3877 1252 3951 Coclitem
1283 3875 1484 3947 illum
1517 3898 1672 3947 rem
1707 3876 2005 3971 gessisse
2030 3885 2306 3945 tantam
2331 3866 2699 3943 fortitudi-

807 4155 824 4188 ¹
865 4151 968 4200 vim
1005 4164 1129 4198 non.
1200 4148 1222 4184 ²
1259 4143 1470 4195 habere.
