3131 5032
1719 484 1804 556 lo

783 709 915 781 dae
973 707 1193 806 legeS,
1255 702 1518 801 quibus
1583 704 1899 772 civitates
1955 701 2106 795 regi
2159 696 2500 787 debeant;
2566 713 2727 770 tum

781 825 961 900 haec
990 823 1385 915 tractanda,
1424 845 1610 919 quae
1642 820 2040 918 composita
2069 830 2239 887 sunt
2272 830 2344 887 et
2370 815 2727 916 descripta

781 950 939 1020 iura
997 960 1069 1019 et
1128 949 1315 1016 iussa
1372 940 1845 1041 populorum,
1904 941 1980 1008 in
2035 936 2305 1034 quibus
2355 960 2449 1007 ne
2497 940 2729 1007 nostri

780 1067 1077 1164 quidem
1098 1064 1350 1165 populi
1370 1058 1697 1135 latebunt
1720 1083 1906 1156 quae
1926 1071 2275 1129 vocantur
2298 1059 2453 1128 iura
2476 1055 2727 1127 civilia.

617 1195 710 1249 VI·
781 1188 868 1277 Q.
918 1186 1078 1258 Alte
1099 1209 1300 1274 vern,
1327 1196 1398 1254 et
1422 1195 1504 1252 ut
1526 1188 1816 1278 oportet
1836 1203 1876 1250 a
1904 1178 2169 1274 capite,
2191 1171 2441 1263 frater,
2461 1176 2728 1272 repetis

625 1265 713 1317 ’θ’
781 1305 984 1402 quod
1018 1308 1467 1402 quaerimus:
1518 1313 1591 1372 et
1622 1302 1752 1395 qui
1785 1297 1989 1370 aliter
2020 1299 2131 1366 ius
2168 1292 2371 1365 civile
2404 1291 2728 1380 tradunt,

779 1448 930 1494 non
978 1436 1126 1494 tam
1168 1423 1515 1509 iustitiae,
1572 1442 1795 1515 quam
1839 1412 2163 1511 litigandi
2212 1410 2508 1484 tradunt
2558 1414 2728 1482 vias,

776 1548 873 1616 M.
924 1548 1091 1618 Non
1118 1544 1225 1613 ita
1254 1553 1391 1629 est,
1423 1541 1728 1629 Quinte,
1764 1560 1847 1607 ac
1877 1536 2118 1633 potius
2158 1533 2515 1628 ignoratio
2552 1531 2733 1599 iuris

778 1663 1087 1760 litigiosa
1119 1674 1226 1733 est
1245 1712 1264 1751 ,
1293 1682 1514 1756 quam
1546 1659 1862 1728 scientia.
1949 1651 2085 1724 Sed
2118 1650 2263 1723 hoc
2286 1668 2309 1706 ¹
2346 1651 2730 1749 posterius.

778 1785 993 1854 Nunc
1024 1783 1200 1852 iuris
1229 1780 1582 1878 principia
1611 1773 1996 1847 videamus

875 1903 1103 1995 Igitur
1130 1890 1561 1968 doctissimis
1589 1896 1760 1964 viris
1784 1888 2145 1992 proficisci
2171 1888 2441 1987 placuit
2470 1911 2514 1959 a
2542 1885 2731 1984 lege:

782 2015 981 2089 haud
1012 2019 1158 2087 scio
1190 2039 1281 2087 an
1314 2027 1536 2103 recte;
1575 2016 1636 2082 si
1674 2010 1931 2100 modo,
1970 2023 2051 2081 ut
2083 2008 2301 2080 iidem
2339 2007 2734 2097 definiunt,

781 2136 896 2208 lex
933 2149 1040 2208 est
1074 2139 1256 2223 ratio
1302 2156 1581 2205 summa
1623 2134 1835 2203 insita
1864 2134 1940 2201 in
1975 2143 2258 2219 natura,
2307 2152 2496 2225 quae
2527 2127 2732 2199 iubet

784 2277 868 2327 ea
930 2279 1116 2352 quae
1178 2251 1499 2325 facienda
1559 2266 1731 2323 sunt
1797 2248 2287 2350 prohibetque
2355 2250 2734 2320 contraria.

785 2370 1049 2445 Eadem
1078 2373 1288 2461 ratic,
1318 2379 1552 2467 quum
1589 2383 1699 2440 est
1734 2371 1810 2438 in
1847 2367 2161 2438 hominis
2196 2380 2438 2438 mente
2477 2363 2736 2438 confir-

629 2523 717 2576 19.
789 2505 978 2565 mata
1029 2505 1102 2564 et
1174 2487 1533 2578 confecta,
1594 2487 1709 2559 lex
1760 2500 1888 2560 est.
1987 2492 2239 2583 Itaque
2292 2484 2738 2559 arbitrantur

787 2611 1247 2712 prudentiam
1281 2633 1433 2681 esse
1469 2607 1734 2706 legem,
1772 2610 1977 2678 cuius
2009 2631 2092 2679 ea
2124 2610 2229 2677 vis
2262 2609 2387 2696 sit,
2423 2620 2503 2677 ut
2540 2619 2738 2678 recte

787 2729 1023 2804 facere
1059 2731 1335 2820 iubeat,
1381 2741 1572 2800 vetet
1609 2727 2064 2824 delinquere:
2116 2749 2420 2822 eamque
2451 2750 2606 2797 rem
2639 2724 2741 2796 illi

788 2855 1067 2925 Graeco
1102 2863 1362 2950 putant
1393 2850 1690 2920 nomine
1722 2871 1765 2919 a
1801 2871 2013 2918 suum
2052 2833 2313 2942 cuique
2351 2844 2740 2918 tribuendo

789 2963 1247 3071 appellatam,
1313 2992 1450 3065 ego
1500 2982 1751 3040 nostro
1794 2991 1836 3038 a
1873 2965 2209 3064 legendo:
2267 2990 2465 3055 nam,
2514 2979 2597 3037 ut
2639 2964 2741 3035 illi

789 3092 1201 3185 aequitatiS‚
1244 3089 1347 3157 sic
1376 3109 1510 3156 nos
1543 3083 1863 3156 delectus
1889 3087 2035 3154 vim
2061 3087 2137 3154 in
2175 3083 2331 3182 lege
2369 3086 2740 3183 ponimus:

793 3223 867 3280 et
897 3209 1272 3306 proprium
1309 3217 1549 3275 tamen
1589 3217 1984 3299 utrumque
2019 3201 2194 3300 legis
2225 3215 2350 3294 est.
2434 3200 2652 3293 Quod
2681 3205 2745 3273 si

793 3328 895 3396 ita
940 3337 1132 3396 recte
1172 3321 1466 3413 dicitur,
1514 3334 1598 3391 ut
1636 3319 1814 3391 mihi
1850 3321 2146 3418 quidem
2176 3321 2610 3420 plerumque
2638 3322 2745 3391 vi·

794 3443 951 3515 deri
990 3442 1205 3531 solet,
1255 3465 1295 3513 a
1338 3440 1494 3537 lege
1537 3437 1952 3511 ducendum
1989 3452 2097 3510 est
2132 3441 2307 3510 iuris
2341 3438 2741 3511 exordium.

792 3569 893 3635 Ea
931 3575 1039 3633 est
1072 3564 1264 3633 enim
1302 3574 1600 3632 naturae
1640 3561 1776 3647 vis;
1826 3582 1907 3630 ea
1954 3582 2157 3628 mens
2203 3560 2532 3654 ratioque
2573 3580 2745 3655 pru·

796 3681 1071 3770 dentis;
1120 3704 1204 3752 ea
1233 3682 1405 3750 iuris
1434 3692 1654 3774 atque
1693 3680 1995 3749 iniuriae
2025 3676 2292 3775 regula.
2389 3675 2526 3748 Sed
2559 3699 2745 3771 quo·

800 3805 992 3873 niam
1033 3804 1110 3871 in
1156 3798 1486 3898 populari
1532 3800 1810 3869 ratione
1862 3798 2098 3868 omnis
2138 3809 2382 3867 nostra
2420 3810 2746 3868 versatur

801 3924 1068 4010 orati0‚
1115 3918 1561 4019 populariter
1606 3915 1973 3988 interdum
2014 3915 2215 4011 loqui
2256 3937 2543 3988 necesse
2576 3919 2745 4004 erit,

775 4099 913 4108 ...m-

862 4190 879 4225 ¹
919 4184 1062 4236 haee.
