3131 5032
1700 461 1788 534 18

770 669 945 768 quid
992 674 1385 766 requiritis,
1437 671 1511 743 id
1558 673 1996 771 explicemus
2034 677 2252 772 prius,
2355 682 2496 743 Att.
2577 675 2732 745 Nos

768 813 943 861 vero
979 788 1193 881 nihil,
1243 805 1326 861 ut
1357 814 1493 889 pro
1525 804 1843 888 utroque
1883 790 2377 891 respondeam.

864 913 961 979 M.
1033 912 1375 1005 Sequitur
1396 913 1619 1006 igitur
1649 910 1740 982 ad
1771 908 2347 1010 participandum
2378 909 2600 981 alium
2632 906 2729 980 ab

768 1028 910 1101 alio
944 1030 1774 1126 communicandumque
1810 1035 2002 1102 inter
2041 1056 2119 1101 se
2155 1053 2409 1100 omnes
2442 1031 2672 1099 iustos
2696 1036 2719 1075 ¹

767 1162 1023 1221 natura
1058 1173 1211 1221 esse
1246 1147 1501 1240 factos3
1530 1165 1749 1247 atque
1781 1150 2024 1222 hocin
2066 1153 2268 1221 omni
2301 1148 2439 1220 hac
2476 1145 2727 1246 dispu-

769 1271 1041 1339 tatione
1100 1272 1203 1340 sic
1252 1269 1553 1369 intelligi
1603 1271 1768 1341 volo
1815 1270 2064 1366 quod²
2114 1268 2347 1340 dicam
2394 1281 2729 1339 naturam

769 1410 957 1476 esse3
994 1400 1267 1458 tantam
1306 1403 1546 1461 autem
1583 1413 1737 1461 esse
1771 1389 2250 1487 corruptelam
2291 1386 2517 1458 malae
2552 1410 2728 1458 con-

768 1506 1200 1597 suetudinis3
1236 1522 1318 1579 ut
1346 1507 1439 1579 ab
1469 1534 1550 1581 ea
1575 1523 1942 1606 tamquam
1980 1507 2274 1607 igniculi
2306 1510 2731 1602 extinguan-

764 1641 888 1698 tur
923 1653 965 1700 a
999 1642 1256 1701 natura
1294 1628 1468 1720 dati,
1499 1633 2059 1726 exorianturque
2095 1642 2169 1700 et
2201 1625 2730 1697 confirmentur

765 1749 936 1820 vitia
975 1752 1351 1821 contraria.
1451 1748 1669 1839 Quod
1717 1752 1811 1836 si,
1863 1745 2236 1845 quomodo
2282 1757 2391 1817 est
2431 1759 2725 1832 natura,

768 1870 870 1938 sic
918 1866 1185 1938 iudicio
1231 1866 1561 1937 homines
1608 1866 1936 1954 humani,
1986 1878 2069 1936 ut
2110 1867 2211 1937 ait
2252 1877 2497 1961 poeta,
2545 1861 2734 1932 nillil

765 2011 815 2056 a
865 2009 943 2054 se
983 1983 1292 2053 alienum
1334 1998 1709 2079 putarent,
1772 1984 2131 2055 coleretur
2184 1987 2297 2054 ius
2350 2005 2583 2078 aeque
2635 1980 2730 2054 ab

765 2103 1126 2177 omnibus.
1226 2103 1514 2192 Quibus
1561 2107 1753 2175 enim
1796 2108 1978 2176 ratio
2014 2128 2056 2175 a
2093 2094 2353 2174 natura
2382 2101 2548 2175 data
2585 2114 2728 2194 est,

762 2222 1021 2295 iisdem
1068 2225 1282 2294 etiam
1328 2237 1521 2296 recta
1574 2229 1756 2296 ratio
1806 2225 1971 2297 data
2021 2239 2158 2313 est3
2226 2248 2401 2321 ergo
2457 2239 2532 2296 et
2579 2223 2728 2314 lex,

765 2366 951 2441 quae
985 2356 1094 2414 est
1122 2357 1315 2415 recta
1343 2347 1527 2416 ratio
1559 2348 1632 2414 in
1670 2343 1992 2416 iubendo
2021 2358 2092 2416 et
2116 2341 2461 2434 vetando;
2494 2347 2555 2413 si
2581 2342 2727 2433 lex,

762 2466 876 2534 ius
909 2485 1239 2561 quoque:
1277 2478 1351 2535 et
1377 2472 1403 2511 ³
1443 2463 1785 2537 omnibus
1818 2469 2032 2555 ratio;
2079 2469 2191 2536 ius
2226 2467 2448 2562 igitur
2477 2463 2728 2538 datum

766 2598 874 2656 est
926 2584 1307 2657 omnibus:
1376 2583 1741 2683 [recteque
1797 2590 2121 2657 Socrates
2163 2589 2513 2657 exsecrari
2556 2609 2732 2657 eum

769 2703 1074 2795 solebat,
1105 2708 1236 2801 qui
1271 2709 1550 2805 primus
1587 2705 1969 2778 utilitatem
2010 2720 2306 2778 naturae
2328 2714 2355 2752 ⁴
2386 2708 2734 2776 seiunxis-

611 2843 698 2897 84.
768 2838 913 2898 set:
978 2824 1053 2896 id
1107 2828 1298 2895 enim
1359 2824 1805 2920 querebatur
1860 2839 2072 2924 caput
2132 2850 2283 2897 esse
2341 2828 2730 2897 exitiorum

771 2950 1131 3018 omnium:
1196 2943 1392 3016 unde
1447 2948 1637 3015 enim
1682 2964 1709 3002 ⁵
1755 2944 1872 3017 illa
1911 2944 2353 3043 Pythagorea
2403 2969 2573 3033 vox,
2638 2943 2731 3016 de

771 3068 1081 3138 amicitia
1110 3061 1355 3160 locus.]
1384 3069 1410 3106 ⁰
1472 3067 1574 3132 Ex
1609 3087 1758 3159 quo
1787 3066 2245 3162 perspicitur,
2279 3088 2507 3158 quum
2545 3061 2735 3135 hanc

772 3181 1351 3256 benevolentiam
1416 3195 1557 3252 tam
1618 3181 1757 3254 late
1821 3183 2183 3281 longeque
2228 3180 2567 3254 diffusam
2624 3187 2737 3252 vir

777 3305 1062 3402 sapiens
1094 3305 1170 3370 in
1208 3300 1521 3397 aliquem
1560 3305 1717 3401 pari
1747 3306 2012 3374 virtute
2044 3301 2451 3401 praeditum
2481 3316 2739 3373 contu-

775 3423 970 3513 lerit,
1020 3437 1173 3495 tum
1218 3419 1393 3492 illud
1442 3419 1628 3493 effici
1649 3474 1668 3511 ,
1718 3422 1920 3519 quod
1965 3421 2399 3518 quibusdam
2434 3422 2738 3494 incredi-

772 3543 921 3615 bile
970 3541 1331 3631 videatur,
1383 3544 1473 3612 sit
1517 3555 1759 3613 autem
1808 3545 2320 3630 necessarium,
2369 3555 2452 3612 ut
2503 3540 2735 3614 nihilo

776 3688 931 3736 sese
978 3663 1139 3762 plus
1189 3687 1410 3759 quam
1450 3662 1758 3734 alterum
1796 3661 2060 3761 diligat.
2160 3661 2355 3752 Quid
2391 3665 2584 3733 enim
2625 3675 2736 3734 est

777 3783 982 3883 quod
1020 3780 1339 3872 differat,
1390 3807 1620 3878 quum
1676 3785 1820 3853 sint
1870 3796 2133 3854 cuncta
2179 3781 2417 3880 paria?
2513 3780 2734 3873 Quod

839 4081 856 4116 ¹
890 4081 1027 4131 inter
1054 4094 1235 4130 omnes
1261 4080 1344 4130 ius
1371 4076 1635 4130 homines.
1706 4079 1729 4115 ²
1756 4077 1874 4129 volo
1903 4080 1984 4130 ius
2009 4079 2170 4148 quod.
2244 4082 2266 4117 ³
2296 4089 2363 4129 at.
2436 4081 2460 4119 ⁴
2487 4096 2515 4130 ι
2546 4090 2745 4132 natura.

770 4169 793 4202 ὅ
829 4165 1006 4215 etiam.
1076 4165 1101 4200 ⁸
1140 4167 1248 4212 sine
1277 4166 1519 4215 uncinis:
1545 4179 1647 4212 om.
1674 4162 1741 4212 de
1771 4162 1997 4212 amicitia
2027 4162 2187 4214 locus.
