3131 5032
1143 459 1282 527 Lm.
1332 460 1399 544 1,
1444 465 1542 545 5,-
1581 459 1676 527 16.
2264 461 2390 528 317

429 686 625 757 potest
673 669 1002 751 legendum
1051 672 1343 729 suaserat!
1404 666 1662 729 Moserus
1673 714 1693 744 ‚
1751 687 1918 729 more
1950 690 2059 729 suo
2071 714 2089 745 ‚
2131 668 2399 747 primum

442 779 590 839 dicit
624 796 767 858 prae
794 775 1010 835 ceteris
1047 774 1157 833 sihi
1193 773 1433 853 probari
1467 773 1923 854 wyttenbachii
1958 774 2366 833 coniecturam
2382 819 2401 849 ‚

441 883 595 943 illud
644 881 944 939 homocum
997 880 1219 961 magis.-
1263 886 1392 937 tum
1426 876 1631 954 addit,
1672 898 1734 936 se
1770 878 1834 937 in
1868 878 2181 938 Goerenzii
2215 877 2403 956 expli·

440 984 677 1045 catione
709 981 1110 1061 acquiescere.
1192 978 1307 1039 Sed
1351 998 1550 1058 neque
1584 978 1813 1037 laomen·
1829 1024 1847 1053 ,
1888 998 2002 1038 nec
2037 980 2405 1039 honestorum

441 1085 933 1148 commemoratio
977 1083 1240 1164 pertinet
1287 1081 1366 1142 ad
1409 1101 1691 1161 praesens
1725 1081 2045 1141 consilium
2063 1129 2081 1158 ,
2124 1092 2185 1142 et
2224 1103 2403 1144 suum

442 1190 650 1251 locum
690 1188 874 1249 habet
917 1188 984 1247 in
1039 1186 1388 1267 quaestione
1422 1184 1502 1245 de
1534 1183 1758 1244 finibus
1775 1232 1794 1261 ,
1836 1193 1908 1244 ut
1942 1186 2101 1245 infra
2136 1206 2248 1267 cap
2283 1187 2399 1262 20,

442 1293 544 1356 54.
625 1292 820 1371 Igitur
866 1289 1029 1351 istud
1076 1291 1318 1350 bomem
1367 1297 1722 1368 corruptum
1757 1297 1818 1348 et
1850 1288 2254 1350 deformatum
2279 1310 2405 1352 esse

442 1396 707 1476 suspicor
734 1415 810 1456 ex
841 1397 971 1455 nisi
999 1395 1138 1454 hoc.-
1176 1411 1303 1473 quo
1333 1392 1585 1471 probato
1616 1392 1775 1452 hanc
1808 1392 2166 1455 habebimus
2198 1413 2405 1455 sanam

443 1500 800 1562 sententiam
816 1544 836 1575 ‚
873 1499 1039 1558 nullo
1079 1499 1149 1556 in
1175 1515 1388 1579 genere
1417 1496 1766 1576 disputandi
1797 1497 1925 1555 nisi
1958 1497 2068 1558 Ιιοσ
2084 1543 2102 1572 ,
2144 1506 2252 1558 aut
2282 1500 2409 1558 nisi

447 1604 519 1663 in
564 1603 672 1665 Ιιοο
688 1649 709 1680 ,
763 1601 815 1662 si
849 1620 1005 1662 vera
1049 1609 1137 1661 est
1191 1598 1497 1659 Wunderi
1537 1599 1695 1660 ratio
1714 1645 1731 1675 ,
1773 1600 1880 1678 qui
1914 1600 1993 1660 ad
2023 1599 2408 1663 Plancianam

447 1726 511 1788 p.
564 1706 681 1767 120
729 1677 1231 1787 praepositionem
1267 1710 1400 1782 post
1435 1703 1564 1762 nisi
1600 1702 1804 1763 iterari
1832 1723 1907 1763 ex
1935 1702 2236 1765 Ciceronis
2268 1724 2410 1766 con·

445 1807 772 1870 suetudine
820 1806 998 1869 docet
1014 1853 1033 1883 ‚
1088 1825 1399 1886 quemque
1449 1805 1725 1884 sequitur
1764 1805 2095 1885 Madvigius
2128 1807 2256 1867 Fin.
2290 1806 2374 1870 lv
2390 1855 2410 1886 ‚

444 1911 523 1991 9,
577 1912 696 1975 22:
753 1911 835 1973 de
877 1931 1004 1993 quo
1037 1918 1239 1972 tamen
1278 1909 1523 1986 dubito,
1563 1908 1727 1970 cons.
1764 1909 1917 1970 Bihl.
1955 1908 2099 1971 Crit.
2133 1910 2206 1973 N.
2240 1909 2310 1974 V.
2344 1908 2408 1974 2.

524 2118 674 2201 quid
719 2117 802 2179 ’ἡ
845 2116 1080 2177 bonini
1125 2128 1342 2178 notura
1388 2112 1699 2196 tributum)
1778 2116 1913 2178 Non
1945 2125 2174 2179 temore
2203 2119 2315 2180 ista
2348 2128 2411 2180 et

443 2243 602 2305 quae
650 2229 991 2301 sequuntur
1029 2219 1293 2281 effundit
1316 2265 1334 2298 ,
1369 2220 1473 2281 sed
1508 2220 1701 2281 veluti
1733 2219 2220 2283 distributionem
2254 2223 2410 2283 indi·

445 2334 543 2386 cat
573 2327 703 2386 eius
749 2324 1195 2404 disputationis,
1233 2344 1418 2404 quam
1452 2323 1698 2384 inchoat
1731 2343 1862 2403 cap.
1894 2325 1952 2385 7.
2033 2325 2229 2404 Igitur
2264 2327 2413 2408 quid

446 2429 530 2489 sit
556 2428 786 2487 bomini
809 2439 1024 2487 notura
1060 2428 1379 2502 tributum,
1408 2427 1853 2487 demonstratur
1880 2447 2011 2508 cap.
2044 2430 2084 2490 7
2115 2437 2177 2489 et
2208 2450 2405 2510 sequ.:

447 2544 728 2613 quantam
763 2533 887 2591 vim
921 2563 1002 2580 —·
1037 2533 1336 2592 contineat
1352 2577 1371 2606 ,
1412 2550 1542 2609 cap.
1578 2530 1648 2591 9:
1685 2534 1858 2591 cuiue
1891 2535 2413 2594 muneris—editi

444 2637 632 2695 cimus
647 2679 667 2711 ,
709 2641 768 2694 et
823 2655 973 2714 qm
1019 2635 1103 2693 sit
1155 2634 1497 2693 coniunctio
1530 2663 1613 2675 —
1643 2633 1802 2691 inter
1831 2634 1989 2713 ipsos
2005 2679 2023 2708 ,
2067 2653 2195 2713 cap.
2239 2635 2314 2695 10
2348 2645 2411 2698 et

447 2738 684 2799 duobus
718 2757 881 2817 seqq.
912 2769 994 2781 —
1028 2736 1210 2796 Omisi
1245 2736 1744 2815 praepositionem
1787 2757 1824 2794 a
1842 2781 1861 2811 ,
1904 2755 2088 2815 quam
2123 2739 2409 2799 nonnulli

446 2840 632 2902 Codd.
669 2840 971 2901 habebant
1005 2842 1072 2900 in
1104 2841 1201 2900 his
1234 2861 1273 2900 α
1305 2852 1523 2899 notura
1547 2839 1867 2899 tributum:
1905 2847 1968 2899 et
2006 2849 2171 2901 recte
2211 2843 2410 2903 omitti

446 2942 722 3004 defendit
761 2943 1088 3022 Madvigius
1129 2942 1209 3003 ad
1243 2943 1369 3003 Fin.
1405 2940 1487 3001 lv
1504 2988 1523 3018 ,
1565 2942 1641 3016 7,
1688 2941 1791 3018 17,
1834 2942 2008 3001 cuius
2042 2942 2160 3003 loci
2195 2955 2408 3006 aucto-

444 3048 625 3107 ritate
658 3046 933 3107 firmatur
965 3064 1213 3126 quoque
1247 3044 1396 3105 ordo
1426 3044 1783 3120 verborum,
1817 3063 2000 3123 quem
2036 3064 2112 3104 ex
2146 3049 2409 3108 meliori·

444 3150 559 3212 bus
602 3151 774 3211 libris
819 3158 1059 3212 secutus
1093 3169 1246 3210 sum.
1281 3181 1363 3196 —-
1407 3148 1477 3208 In
1515 3147 1805 3227 proximis
1832 3166 2147 3226 perperam
2166 3150 2408 3229 Lagom.

449 3254 526 3315 10
545 3300 565 3331 ,
613 3252 764 3335 quid
807 3254 892 3312 tit
942 3252 1321 3311 coniunctio.-
1379 3257 1588 3311 contra
1642 3250 1806 3309 enim
1860 3249 2229 3312 demonstrat
2280 3276 2400 3315 esse

442 3379 572 3418 eam
604 3356 1081 3418 coniunctionem
1122 3354 1424 3413 hominum
1467 3356 1627 3412 inter
1662 3354 1858 3433 ipsos,
1901 3361 1960 3413 et
1992 3373 2116 3434 quo
2150 3376 2220 3415 ea
2257 3358 2409 3418 nite·

440 3468 630 3521 retur.
712 3459 830 3521 Sed
882 3458 1357 3519 coniunctionem
1408 3458 1581 3517 illam
1616 3463 1678 3516 et
1708 3459 2044 3517 societatem
2077 3460 2162 3519 sic
2192 3460 2407 3523 divelli

443 3582 480 3623 a
513 3563 872 3622 se-invicem
891 3609 910 3639 ‚
951 3580 1155 3641 neque
1187 3562 1483 3622 sententia
1509 3561 1765 3640 patitur,
1808 3580 2009 3641 neque
2036 3562 2100 3622 id
2125 3566 2291 3643 quod
2327 3567 2406 3627 ad

444 3672 767 3744 utmmque
790 3667 1177 3743 grammatice
1199 3685 1446 3746 quoque
1472 3663 1863 3724 referendum
1887 3673 1974 3725 est
1988 3711 2005 3741 ,
2035 3668 2194 3727 inter
2217 3672 2404 3750 ipsos.-

440 3775 810 3847 quapropter
841 3767 1267 3846 corrigendum
1302 3767 1545 3828 videtur
1580 3779 1754 3847 atque
1789 3770 2103 3831 naturalis.

524 3869 622 3928 lais
648 3871 806 3929 enim
831 3869 1170 3951 eaplicatis)
1247 3870 1603 3931 Claudicare
1625 3877 1774 3949 puto
1798 3875 2403 3949 argumentationem.

440 3972 678 4033 Dicitur
712 3973 876 4033 enim
910 3974 1064 4034 »ista
1101 3974 1303 4035 omnia
1337 3982 1458 4034 tam
1492 3974 1738 4053 gravia,
1784 3983 1905 4035 tam
1944 3973 2295 4052 splendida,
2337 3978 2403 4039 in

443 4075 606 4137 »hac
655 4075 1070 4157 philosophiae
1121 4086 1293 4156 parte
1356 4077 1685 4156 patefiunt3
1748 4099 1888 4137 nam
1943 4077 2037 4137 his
2091 4078 2401 4156 explicatis

443 4177 624 4240 »fons
652 4180 862 4258 legum
908 4179 1172 4241 inveniri
1214 4183 1467 4259 potest.”
1545 4179 1778 4255 Quibus
1806 4180 1917 4260 qui
1943 4178 2129 4256 velit,
2168 4190 2397 4243 utatur:
