3131 5032
1118 330 1263 397 Lm.
1312 330 1408 416 11,
1458 331 1532 415 7,
1595 334 1690 399 ιε».
2258 335 2384 401 493

435 540 669 622 quidem
718 539 1011 598 cententio
1072 538 1279 598 melior
1326 539 1507 598 multo
1527 564 1548 598 .-
1607 549 2050 599 commemorant
2104 559 2240 598 vero
2289 568 2391 601 —-.

430 645 659 721 Nempe
704 660 783 701 ne
824 660 974 720 opus
1020 641 1266 721 quidem
1303 650 1390 701 est
1424 661 1533 718 ec,
1575 642 1737 720 quod
1773 642 2131 703 Goerenzius
2158 641 2392 720 excogi-

433 752 687 820 taverat,
722 746 810 804 ait
854 744 1273 824 Theophrastus
1298 769 1411 803 —.·
1440 765 1583 804 nam
1620 746 1985 825 intelligitur
2015 746 2131 806 hoc
2164 744 2393 824 opposi-

433 856 562 908 tum
608 867 683 907 ex
728 846 1004 926 praeced.
1050 858 1239 929 neget.
1334 846 1586 922 Quando
1626 849 1743 909 hoc
1785 849 1999 909 durius
2030 848 2133 908 fiat
2165 848 2397 909 notavit

435 950 766 1030 Madvigius
814 949 890 1010 ad
943 949 1071 1010 Fin.
1114 949 1211 1026 ΙΙ,
1265 948 1341 1025 8,
1394 949 1493 1011 25.
1588 950 1748 1009 Addi
1792 959 2026 1030 poterat
2071 952 2229 1012 Orat.
2277 950 2395 1027 44,

438 1053 586 1129 151,
646 1054 714 1111 in
763 1073 877 1132 quo
926 1052 1169 1131 quidam
1215 1052 1396 1110 etiam
1459 1050 1884 1132 Theopompum
1939 1052 2393 1132 reprehendunt,

435 1156 592 1235 quod
639 1177 737 1215 eas
790 1156 990 1214 literas
1042 1165 1205 1213 tanto
1252 1173 1416 1233 opere
1450 1156 1734 1235 sugerit;
1787 1157 1899 1215 etsi
1929 1156 2086 1214 idem
2119 1156 2401 1236 magister

437 1261 567 1318 eius
600 1258 911 1317 Isocrates.
995 1256 1082 1316 Ae
1118 1275 1240 1313 non
1282 1254 1648 1333 Thucydideo
1683 1287 1764 1299 —
1799 1256 1840 1316 i.
1876 1275 1912 1314 e
1967 1264 2029 1314 at
2058 1275 2183 1328 ‚non
2217 1253 2397 1333 fugit.

437 1360 554 1421 Sed
589 1380 665 1419 ex
697 1357 1075 1438 ignoratione
1100 1357 1284 1416 huius
1310 1356 1539 1416 formae
1565 1366 1707 1418 nata
1737 1357 1981 1418 videtur
2014 1358 2400 1436 interpolatio

437 1464 724 1521 nominat.

520 1565 711 1624 nostri
743 1564 983 1623 clientes
1016 1559 1222 1642 Locri)
1302 1561 1496 1622 Pauca
1530 1562 1608 1622 de
1648 1563 1764 1623 hoc
1796 1583 2020 1642 genere
2055 1571 2403 1642 patronatus

436 1668 744 1729 annotavit
775 1666 1009 1728 Cottius
1033 1665 1104 1725 ad
1129 1665 1339 1725 Salust.
1372 1664 1540 1724 Catil.
1573 1665 1730 1742 XLI,
1769 1665 1833 1726 4:
1877 1666 2023 1726 item
2049 1667 2403 1727 Buchnerus

438 1771 514 1831 ad
534 1772 686 1832 Plin.
707 1770 853 1849 Epp.
884 1768 965 1827 lv
975 1815 994 1845 ,
1033 1769 1094 1844 1,
1134 1767 1191 1828 4.
1275 1768 1551 1828 Ceterum
1584 1767 1832 1843 Locros,
1867 1776 1935 1829 ut
1962 1773 2400 1847 εὐνομωτάτους

436 1874 683 1935 vetustis
713 1871 1084 1952 temporibus
1110 1877 1538 1932 commemorat
1569 1869 1734 1931 Plato
1759 1870 1940 1949 Legg.
1965 1871 1996 1930 I
2011 1915 2031 1948 ,
2062 1891 2123 1950 p.
2153 1870 2300 1949 638,
2333 1871 2399 1932 Β.

1190 2073 1466 2145 CAPUT
1507 2074 1651 2143 vn.

520 2286 601 2344 sit
662 2287 856 2366 igitur
912 2283 1021 2342 Ιιοο
1086 2285 1212 2341 iam
1273 2303 1312 2341 a
1351 2281 1689 2362 principio)
1787 2283 1923 2342 Iam
1978 2291 2218 2344 servant
2279 2286 2404 2346 mei

444 2405 681 2447 omnes:
742 2386 809 2444 in
858 2384 992 2443 aliis
1042 2383 1214 2443 libris
1261 2383 1426 2462 apud
1480 2384 1877 2445 Goerenzium
1929 2385 2027 2445 vel
2074 2387 2404 2463 omittitur,

442 2489 540 2549 vel
596 2490 719 2548 iam
765 2486 872 2547 hoc
923 2485 1224 2545 scribitur.
1322 2484 1489 2545 Nihil
1543 2485 1832 2565 equidem
1886 2485 1953 2545 in
1993 2504 2064 2546 ea
2107 2487 2407 2567 particula

444 2589 748 2652 offendor:
792 2596 880 2647 est
920 2586 1086 2646 enim
1134 2588 1259 2647 iam
1289 2588 1603 2667 principio
1637 2587 1678 2648 i.
1714 2607 1775 2667 q.
1815 2595 1954 2647 ante
1987 2589 2208 2649 omnia.
2288 2590 2407 2651 Sed

442 2691 775 2753 necessario
829 2689 1235 2750 omittendum
1288 2710 1354 2750 a:
1409 2690 1612 2768 agitur
1655 2690 1822 2750 enim
1856 2690 1935 2751 de
1970 2690 2400 2771 fundamento,

445 2815 571 2855 non
613 2795 689 2854 de
728 2793 907 2854 initio
946 2792 1275 2872 opinionis,
1319 2802 1382 2852 et
1419 2790 1621 2853 omisit
1656 2793 1722 2853 E.

525 2899 791 2958 dominos
853 2918 973 2956 esse
1035 2897 1299 2955 omnium
1355 2916 1548 2957 rerum
1598 2895 1703 2976 —)
1799 2897 2051 2977 Egregie
2116 2917 2258 2959 cum
2309 2899 2405 2960 his

443 3001 745 3080 conspirat
775 2998 1092 3060 exordium
1128 3000 1424 3060 Prooemii
1458 3000 1666 3077 legum
1707 2998 1971 3077 Zaleuci,
2011 3002 2177 3081 quod
2212 3002 2408 3063 fertur

440 3105 604 3185 apud
653 3104 973 3164 stobaeum
1024 3100 1235 3178 XLIV,
1293 3101 1393 3163 20.
1493 3102 1731 3162 Similes
1773 3104 2096 3165 sententias
2138 3105 2410 3166 continet

439 3209 654 3289 fragm.
718 3205 1074 3288 Hippodami
1137 3204 1493 3284 Pythagorei
1565 3212 1703 3284 περὶ
1763 3211 2099 3275 πολιτείας,
2172 3207 2410 3268 Stobaei

440 3311 666 3388 XLIII,
719 3310 833 3386 94,
886 3308 1038 3392 (Vol.
1083 3308 1182 3384 11,
1225 3329 1285 3387 p.
1334 3308 1486 3380 126,
1524 3307 1656 3391 fin.)
1690 3310 1865 3370 cuins
1895 3311 2015 3370 loci
2047 3311 2409 3390 particulam

442 3414 601 3474 hanc
649 3414 950 3493 corrigere
999 3420 1248 3473 conatus
1292 3419 1380 3472 est
1425 3412 1759 3473 lacohsius:
1802 3420 1914 3479 πᾶς
1949 3418 2058 3493 γὰρ
2093 3414 2407 3494 ἄνθρωπος

449 3517 732 3593 ἀναρχίας
780 3520 1146 3594 πλαρωθεὶς,
1196 3521 1296 3574 καὶ
1335 3518 1435 3575 τὸν
1467 3518 1730 3575 ὕποπτον
1768 3517 2148 3594 ἀπωσάμενος
2185 3520 2407 3597 φόβον,

453 3626 664 3696 σκιρτᾷ
708 3641 770 3676 τε
815 3626 914 3678 καὶ
951 3632 1277 3697 παρανομεῖ
1319 3623 1687 3687 παντοδαπὸς
1721 3626 2043 3700 γινόμενος·
2084 3621 2150 3681 in
2184 3622 2409 3703 quihus

450 3724 548 3783 vir
578 3721 1137 3802 praestantissimus,
1171 3723 1332 3783 Lect.
1366 3723 1526 3785 Stoh.
1560 3744 1622 3803 p.
1658 3724 1769 3800 77,
1800 3725 1923 3804 legi
1959 3725 2092 3785 vult
2122 3729 2223 3785 τὸν
2257 3729 2401 3786 ὕπα-

453 3848 555 3885 τον
605 3860 686 3872 -
725 3826 943 3900 φόβον,
1001 3824 1043 3885 i.
1091 3844 1146 3883 e.
1190 3831 1293 3882 τὸν
1346 3830 1456 3885 τῶν
1516 3829 1744 3886 ὑπάτων
1788 3848 1833 3888 s,
1880 3831 2243 3906 κρειττόνων·
2283 3847 2410 3887 non

448 3929 747 4006 feliciter,
805 3927 1036 4006 opinor.
1136 3927 1281 3987 Mihi
1332 3930 1589 3995 ὕποπτος
1644 3932 1830 4006 φόβος
1884 3929 1956 4012 (si
1999 3928 2253 4008 quidem
2301 3929 2412 3991 ista

451 4034 749 4096 adiectiva
798 4030 963 4092 haud
1016 4050 1155 4091 raro
1208 4032 1403 4093 active
1450 4042 1795 4110 ponuntur,
1853 4031 2013 4093 cons.
2057 4030 2294 4092 Porson.
2335 4032 2412 4093 ad
