3131 5032
1158 448 1302 515 Lm.
1347 448 1420 533 1,
1467 452 1543 534 2,
1590 453 1654 517 5.
2262 449 2382 514 281

441 656 687 719 Ruhnk.
741 656 808 715 in
856 656 1098 716 Sueton.
1129 656 1327 716 Tiber.
1363 654 1462 716 61.
1546 656 1641 716 lta
1670 656 1871 715 studia
1905 653 2136 715 Velleio
2168 654 2292 715 Pat.
2326 654 2357 712 1
2376 700 2392 729 ,

448 760 559 836 13,
599 759 657 819 3.
697 758 790 835 11,
840 758 951 835 59,
996 758 1062 836 4,
1098 767 1159 819 et
1194 758 1363 819 Livio
1405 757 1525 818 iam
1554 758 1617 834 I,
1663 757 1771 833 18,
1808 757 1869 820 2.
1904 791 1984 804 —
2020 758 2189 834 Mox,
2229 755 2393 837 quod

443 882 601 922 unus
633 881 911 922 meorum
945 861 1116 921 affert
1132 907 1151 937 ‚
1191 862 1294 922 sed
1326 882 1553 942 quoque
1576 864 1815 942 patriae
1832 908 1851 938 ,
1891 862 1988 921 vel
2023 861 2152 940 ipso
2182 859 2397 921 ordine

443 965 770 1024 verborum
820 964 1156 1026 damnatur.
1256 964 1379 1023 Nec
1430 964 1620 1042 magis
1669 964 1913 1043 probari
1963 972 2155 1043 potest
2188 983 2302 1043 per
2340 973 2397 1022 ts

443 1068 642 1127 eadem
660 1112 679 1142 ,
737 1067 1024 1146 quoniam
1073 1087 1199 1127 non
1247 1066 1402 1145 quid
1443 1068 1552 1127 uni
1584 1068 1812 1147 patriae
1844 1067 2251 1146 contingeret,
2292 1064 2398 1126 sed

443 1166 596 1248 quid
628 1167 706 1226 ab
740 1187 862 1227 uno
898 1167 1186 1227 Cicerone
1222 1176 1668 1247 exspectaretur
1697 1168 2158 1248 significandum
2194 1177 2342 1228 erat.

525 1271 687 1330 abest
729 1271 890 1329 enim
941 1270 1191 1329 historia
1239 1271 1428 1330 literis
1473 1268 1717 1350 nostris)
1794 1272 2120 1332 Creuzerus
2169 1271 2249 1330 de
2296 1291 2404 1331 suo

447 1373 548 1434 edi
597 1372 830 1433 curavit
876 1395 915 1432 a
956 1373 1149 1432 literis
1181 1375 1398 1433 nostris
1414 1420 1432 1450 ‚
1474 1376 1949 1454 repugnantibus
1980 1375 2131 1435 meis
2159 1395 2405 1455 quoque

447 1477 635 1538 libris.
714 1476 937 1535 Tamen
985 1484 1150 1536 recte
1203 1476 1328 1535 dici
1371 1477 1532 1538 abest
1583 1479 1807 1554 alicui,
1849 1477 1929 1538 de
1963 1498 2037 1538 eo
2053 1524 2071 1554 ,
2113 1498 2238 1557 quo
2270 1478 2409 1558 quis

448 1589 647 1656 caret,
702 1579 960 1639 ostendit
1008 1579 1175 1640 locus
1223 1580 1388 1641 Brut.
1424 1579 1534 1656 80,
1577 1580 1733 1657 276,
1773 1580 1877 1641 fin.
1891 1628 1909 1657 ,
1950 1602 2065 1642 nec
2100 1581 2259 1660 fugit
2289 1581 2409 1642 hoc

449 1681 728 1743 Beierum
764 1680 841 1739 ad
872 1677 1036 1741 Offic.
1072 1680 1134 1756 1,
1181 1679 1284 1757 14,
1327 1680 1405 1741 43
1422 1727 1441 1757 ,
1481 1702 1607 1760 quo
1653 1681 1788 1742 loco
1831 1683 1970 1743 ideo
2006 1691 2172 1743 recte
2205 1681 2409 1742 editur

453 1784 613 1845 abest
646 1782 872 1863 officie,
911 1781 1075 1863 quod
1111 1783 1437 1861 significat,
1478 1783 1742 1845 officium
1780 1806 1903 1846 non
1939 1787 2209 1847 continet
2237 1786 2409 1846 illam

449 1886 670 1967 agendi
714 1888 1045 1963 rationem,
1103 1907 1151 1946 s,
1197 1886 1292 1969 (ut
1332 1886 1560 1947 dicitur
1605 1907 1736 1967 cap.
1777 1887 1888 1964 15,
1930 1888 2035 1969 47)
2069 1910 2190 1949 non
2223 1901 2309 1949 est
2341 1892 2411 1948 in

451 1991 668 2072 officio.
725 1992 800 2051 Et
828 1999 1027 2051 tamen
1045 2036 1064 2066 ,
1093 1990 1304 2051 eodem
1337 2012 1513 2051 sensu
1529 2038 1547 2067 ,
1588 1992 1946 2071 praepositio
1974 1992 2219 2052 additur
2242 1993 2411 2053 Brut.

451 2100 567 2173 55,
606 2094 755 2156 203:
797 2095 901 2155 sed
943 2095 1018 2155 ab
1065 2094 1172 2155 hoc
1220 2097 1315 2155 via
1360 2097 1559 2155 aberat
1611 2096 1911 2170 Antonii,
1956 2096 2156 2155 Crassi
2196 2097 2270 2156 ab
2305 2096 2412 2154 illo

453 2201 628 2281 lepos.
709 2198 863 2258 Nam
916 2196 1037 2258 alio
1082 2197 1292 2273 mode,
1351 2218 1575 2278 nempe
1620 2218 1732 2278 pro
1769 2198 2041 2259 alienum
2088 2220 2213 2260 esse
2229 2246 2247 2275 ,
2289 2218 2413 2259 non

451 2304 756 2384 pertinere
789 2300 899 2376 ad,
941 2299 1166 2361 dicitur
1202 2302 1398 2362 abesse
1431 2303 1505 2362 ab
1542 2302 1702 2362 Orat.
1741 2302 1807 2361 11
1831 2348 1850 2378 ‚
1891 2302 1991 2363 37.
2033 2302 2147 2379 20,
2189 2302 2291 2364 67.

532 2419 591 2467 st
636 2418 690 2466 te
731 2425 1010 2485 persaepe
1055 2401 1262 2484 audio)
1361 2406 1602 2483 Lagom.
1663 2405 1738 2466 10
1781 2407 2023 2466 audivi:
2074 2426 2412 2487 perperam.

456 2509 624 2570 Brut.
660 2508 771 2585 72,
811 2506 962 2569 252:
1006 2520 1061 2568 et
1088 2510 1214 2589 ipse
1245 2510 1333 2569 ita
1362 2510 1600 2585 iudico,
1639 2521 1696 2569 ct
1730 2508 1800 2569 de
1828 2509 1937 2571 hoc
1967 2544 2047 2557 —
2075 2513 2418 2592 saepissime

453 2615 655 2674 audio.
697 2611 786 2672 Cf.
827 2611 989 2672 Orat.
1030 2611 1092 2688 I,
1133 2611 1245 2688 28,
1292 2611 1428 2674 129.
1716 2689 1717 2692 Ἴ

535 2738 683 2802 opus
728 2747 811 2761 —
854 2734 1040 2774 unum
1081 2715 1190 2774 Ιιοο
1224 2718 1545 2776 oratorium
1579 2716 1861 2799 maxime)
1939 2717 2027 2779 De
2060 2716 2176 2777 hac
2207 2715 2416 2796 ampli·

454 2811 732 2898 ficatione
760 2816 1108 2897 superlativi
1135 2816 1261 2878 vid.
1289 2816 1471 2879 Orell.
1502 2818 1581 2879 ad
1609 2817 1811 2880 Plane.
1843 2818 1952 2894 41,
1973 2817 2071 2879 97.
2099 2827 2161 2878 et
2188 2818 2414 2898 Inttpp.

459 2923 541 2984 ad
586 2921 792 2982 Scaur.
836 2940 901 3001 p.
949 2919 1083 2982 169.
1121 2940 1244 2999 seq.
1280 2919 1471 2980 Beier.
1509 2920 1761 2981 Ponitur
1794 2921 1974 2980 etiam
2006 2920 2089 2979 ita
2109 2966 2127 2997 ,
2171 2928 2240 2980 ut
2277 2940 2418 2980 ver-

456 3026 612 3086 bum
660 3023 1007 3104 superlativi
1060 3022 1262 3084 locum
1308 3031 1539 3083 teneat:
1603 3023 1763 3084 Orat.
1817 3023 1846 3082 I
1865 3068 1884 3098 ,
1942 3023 2053 3099 14,
2105 3023 2212 3099 60,
2262 3023 2420 3103 quod

456 3150 642 3191 unum
677 3129 747 3187 in
777 3139 999 3188 macore
1035 3126 1403 3187 dominatur.-
1447 3124 1612 3186 Offic.
1659 3126 1784 3201 ΙΙΙ,
1825 3126 1898 3201 6,
1931 3125 2031 3186 29.
2073 3126 2170 3201 11,
2205 3125 2283 3202 8,
2315 3125 2414 3186 30.

458 3232 738 3313 Corrupit
770 3232 929 3291 hanc
961 3229 1219 3291 formam
1252 3229 1465 3309 partic.
1499 3241 1556 3289 et
1590 3230 1811 3289 inserta
1851 3229 1920 3288 in
1954 3230 2115 3289 Orat.
2153 3230 2273 3306 111,
2308 3229 2417 3305 27,

459 3336 578 3398 105
596 3384 615 3415 ,
672 3356 858 3416 quam
911 3333 1213 3394 maculam
1264 3331 1502 3393 dudum
1556 3352 1592 3393 a
1642 3331 1885 3392 Pearcio
1927 3333 2249 3392 abstersam
2297 3352 2423 3393 non

456 3440 771 3521 oportebat
833 3437 1051 3508 reduci
1099 3457 1134 3498 a
1183 3437 1517 3497 novissimis
1572 3435 1921 3497 editoribus.
1977 3437 2138 3496 Orat.
2184 3436 2213 3495 I
2231 3483 2249 3512 ,
2309 3434 2421 3511 24,

463 3542 583 3604 112
590 3561 836 3654 ,522⁰OE
859 3549 1047 3614 upum
1070 3540 1391 3615 hominem,
1421 3558 1543 3598 non
1575 3537 1869 3596 hominem
1892 3559 2076 3597 unum
2091 3536 2421 3615 legendum

458 3639 711 3727 putem,
749 3642 880 3703 dixi
913 3642 1109 3703 Schol.
1141 3641 1432 3722 Hypomn.
1452 3640 1614 3719 11.p.
1641 3639 1742 3702 74.
1825 3639 1898 3699 Et
1930 3640 2142 3700 Graeci
2170 3639 2422 3719 quidem

462 3748 533 3807 in
563 3746 672 3805 illa
704 3745 897 3807 forma
926 3746 1045 3806 hoc
1071 3764 1309 3804 servare
1336 3743 1652 3819 videntur,
1693 3752 1760 3802 ut
1785 3742 2220 3821 superlativum
2255 3762 2421 3822 prae-

461 3856 721 3930 ponant:
779 3847 939 3910 conf.
991 3847 1268 3927 exempla
1317 3845 1482 3926 apud
1530 3845 1812 3905 Matthiae
1865 3845 2127 3906 Gramm.
2179 3844 2223 3925 5
2266 3844 2416 3905 461:

462 3970 607 4012 nam
659 3950 780 4010 loci
812 3949 1129 4027 Sophoclei
1160 3949 1327 4009 Aiac.
1370 3947 1526 4008 1340
1557 3947 1792 4008 diversa
1820 3948 1973 4008 ratio
2007 3955 2114 4008 est.
2147 3978 2229 3990 —
2262 3946 2422 4025 Opus

461 4054 781 4136 aliquoties
825 4072 939 4133 per
980 4062 1348 4115 contemtum
1399 4052 1661 4126 dicitur,
1723 4059 1791 4112 ut
1843 4052 2003 4111 Orat.
2044 4051 2112 4124 1,
2159 4048 2270 4123 16,
2309 4049 2418 4124 73,

460 4158 945 4222 &chamon-imm
976 4178 1140 4238 opus.
1208 4157 1385 4218 Nunc
1413 4156 1491 4216 de
1516 4163 1684 4217 certo
1707 4174 1930 4234 genere
1963 4161 2025 4213 et
2060 4151 2423 4230 professione
