3131 5032
784 452 914 519 542
1455 444 1598 512 Lm.
1642 444 1741 529 11,
1794 444 1908 530 17,
1957 447 2063 512 43.

852 653 1079 733 purtim
1123 666 1197 708 σε
1238 648 1368 707 illis
1405 647 1676 708 distracti
1714 668 1786 707 oc
1817 645 2097 728 dissipati
2127 645 2350 728 iacent)
2425 648 2593 711 Bene
2626 650 2746 712 de-

779 752 976 815 fendit
991 752 1247 813 Ποσει-ιιι
1262 753 1487 831 partim
1518 769 1662 810 cum
1687 770 1952 830 praepos.
1963 796 1982 827 ‚
2013 770 2207 830 quum
2240 752 2473 832 saepius
2500 753 2746 814 dicatur

768 859 997 939 partim
1024 876 1239 916 eorum.
1307 853 1502 915 vatin.
1530 853 1572 914 7
1586 900 1605 932 ‚
1634 854 1736 930 16,
1761 875 1834 914 sa·
1861 854 2074 935 quibus
2094 857 2321 935 partim
2337 857 2521 936 plane
2546 869 2743 918 tecum

779 961 1128 1022 sentiebam.
1207 958 1381 1033 Quod
1407 957 1526 1017 nisi
1557 965 1708 1018 esset
1722 1004 1740 1034 ,
1771 956 2196 1036 corrigendum
2232 966 2382 1019 esset
2408 960 2621 1020 exsilio
2630 1006 2650 1036 ,
2685 963 2742 1020 si

782 1064 1062 1148 quidem,
1090 1070 1160 1122 ut
1184 1062 1341 1122 bene
1373 1060 1523 1122 vidit
1555 1060 1895 1136 Turnebus,
1930 1060 2220 1121 Gabinius
2245 1062 2601 1141 cogitandus
2631 1072 2744 1125 est.

862 1170 933 1226 in
959 1168 1121 1226 omni
1144 1166 1428 1247 religione
1457 1161 1662 1244 impii)
1742 1163 1945 1223 Latius
1976 1170 2169 1241 patet,
2210 1182 2394 1242 quam
2425 1165 2744 1247 religiones

782 1276 1135 1350 prostratae,
1162 1268 1212 1327 si
1244 1265 1493 1348 quidem
1522 1266 1601 1326 ad
1627 1265 2001 1345 reliquarum
2032 1286 2236 1327 rerum
2252 1312 2271 1343 ‚
2302 1266 2533 1345 legum,
2559 1288 2742 1328 sena—

782 1380 879 1433 tus
893 1419 913 1449 ,
954 1370 1137 1432 moris
1170 1369 1467 1430 maiorum
1500 1370 1916 1430 auctoritatem
1957 1370 2254 1448 pertinet:
2295 1372 2741 1451 opponiturque

780 1475 905 1534 illis
918 1519 937 1551 ‚
990 1474 1196 1533 luorum
1244 1473 1524 1533 scelerum
1540 1496 1561 1530 .·
1601 1479 2040 1551 proptereaque
2079 1470 2323 1548 probari
2360 1492 2483 1533 non
2513 1480 2702 1552 potest
2718 1519 2742 1550 ,

781 1576 948 1658 qnod
981 1577 1158 1637 multi
1191 1575 1376 1637 Codd.
1410 1574 1638 1635 babent
1654 1620 1673 1650 ,
1715 1573 1979 1634 omnium
2007 1574 2305 1633 scelerum.

861 1682 990 1741 vita
1026 1681 1282 1741 cruciati
1312 1715 1394 1728 —
1425 1673 1688 1757 camere)
1764 1675 1980 1736 Veram
2028 1675 2211 1736 credo
2255 1696 2377 1739 esse
2415 1676 2585 1737 Bruti
2614 1697 2749 1739 cor·

782 1785 1149 1860 rectionem,
1206 1785 1365 1843 vitas
1418 1783 1726 1856 omciaeu',
1783 1799 2041 1859 eamque
2076 1778 2389 1841 confirmat
2435 1781 2643 1843 Ambr.
2681 1808 2744 1844 c.

788 1889 872 1949 V
845 1901 934 1948 tta
969 1889 1225 1949 cruciati
1256 1885 1438 1945 nihili
1472 1894 1593 1961 est,
1633 1903 1835 1963 neque
1869 1884 2095 1960 patitur
2127 1883 2474 1944 huiusmodi
2505 1887 2748 1964 partici-

782 1992 956 2071 pium
997 1990 1326 2051 sententiae
1368 1995 1688 2049 structura.
1768 1986 1843 2047 In
1872 1986 1978 2047 illa
2011 1987 2408 2063 correctione,
2435 2008 2546 2068 per
2572 1989 2749 2070 sylle-

783 2094 956 2173 psin,
1010 2112 1046 2152 e
1095 2092 1283 2153 verbo
1334 2110 1571 2151 caruero
1628 2089 2000 2150 eontrarium
2036 2089 2552 2170 intelligendum,
2592 2113 2653 2153 v·
2686 2111 2746 2155 c.

788 2197 1123 2279 conflictati
1164 2205 1324 2254 sum.
1402 2192 1498 2252 Ad
1536 2191 1660 2254 Att.
1698 2192 1777 2268 X,
1820 2192 1892 2269 4,
1935 2192 2002 2268 4,
2042 2194 2146 2253 sed
2174 2215 2247 2253 ne
2266 2197 2581 2275 fortunam
2617 2197 2749 2276 qni·

789 2299 918 2359 dem
956 2300 1183 2379 ipsam,
1225 2318 1342 2377 qua
1375 2296 1474 2356 illi
1504 2297 1972 2377 florentissima,
2010 2316 2119 2355 nos
2153 2297 2383 2357 duriori
2417 2300 2750 2382 conflictati

788 2402 1083 2463 videmur.-
1127 2402 1193 2461 in
1214 2402 1646 2484 florentissima
1679 2398 2145 2477 intelligendum
2177 2403 2277 2459 usi
2305 2423 2525 2461 sumus.

868 2505 912 2588 §
954 2505 1054 2567 43.
1134 2527 1282 2586 quae
1304 2524 1502 2585 poena
1535 2504 1747 2563 divina
1778 2499 1885 2584 sit)
1962 2503 2038 2563 In
2066 2502 2161 2563 his
2191 2504 2401 2564 divina
2428 2504 2747 2586 interpola·

790 2616 924 2669 tum
971 2628 1131 2684 esse,
1190 2627 1332 2667 mox
1385 2605 1823 2667 demonstrabo·
1921 2604 2107 2666 Initio
2157 2605 2534 2667 refutationis
2583 2607 2750 2686 quod

787 2714 947 2771 enim
998 2709 1276 2790 ponitur,
1339 2729 1463 2768 non
1518 2728 1746 2769 novum
1799 2715 1920 2785 est,
1982 2708 2170 2788 idque
2216 2718 2380 2770 reete
2422 2710 2752 2771 vindicavit

787 2814 1126 2876 Gronovius
1159 2814 1227 2872 in
1259 2812 1430 2872 Livio
1461 2810 1623 2872 XXII
1643 2857 1662 2887 ,
1701 2811 1816 2889 25,
1856 2811 1915 2872 3.
1996 2811 2165 2872 Plato
2180 2812 2418 2874 Theaet.
2435 2834 2498 2893 p.
2525 2812 2749 2877 176.1).

789 2919 1072 2998 ἀγνοοῦσι
1117 2920 1225 2996 γάρ
1263 2949 1345 2962 -
1383 2916 1680 2995 incursu.

875 3034 932 3082 st
967 3022 1349 3102 opinionibus
1387 3019 1559 3101 vulgi
1591 3018 1859 3099 rapimur
1887 3019 1957 3075 in
1990 3014 2262 3097 mmm)
2337 3017 2586 3079 Secutus
2616 3038 2751 3080 sum

793 3124 845 3185 1)
891 3132 953 3184 et
997 3124 1235 3203 Lagom.
1274 3122 1374 3184 96.
1456 3120 1573 3183 Sed
1604 3139 1798 3200 quum
1831 3121 2043 3200 optimi
2076 3120 2308 3200 quique
2342 3131 2577 3183 servent
2606 3145 2751 3200 nec,

793 3228 1161 3290 crediderim
1198 3246 1402 3287 veram
1439 3225 1758 3285 lectionem
1794 3244 1917 3285 esse
1948 3227 2040 3285 sie
2073 3227 2455 3305 opinionibus
2487 3250 2594 3286 -ε
2637 3246 2753 3288 nec

795 3340 999 3393 tamen
1030 3330 1449 3391 oontemserim
1474 3328 1572 3405 id,
1600 3327 1769 3408 quod
1795 3347 1831 3388 a
1855 3327 2116 3389 Victorio
2148 3337 2463 3410 acceptum
2499 3330 2757 3391 mosoma

795 3435 1115 3517 probabat,
1156 3434 1275 3494 sed.
1311 3464 1392 3477 —
1426 3433 1589 3510 Mox,
1630 3433 1696 3491 in
1732 3453 1871 3492 vera
1902 3434 2230 3508 cemimus,
2272 3433 2414 3495 Cod.
2444 3434 2522 3511 C,
2558 3455 2756 3494 omn

796 3539 1057 3614 habens,
1099 3537 1270 3597 ducit
1301 3535 1381 3597 ad
1419 3557 1654 3611 verum,
1693 3535 1859 3615 quod
1893 3536 1956 3597 h.
1991 3536 2034 3597 l.
2070 3536 2424 3616 postulatur.

880 3642 1198 3720 offensione
1251 3635 1500 3717 iudicii)
1597 3636 1649 3699 I.
1703 3656 1756 3698 e.
1808 3638 2307 3701 condemnatione
2364 3640 2433 3698 in
2488 3638 2752 3699 iudicio:

800 3741 960 3803 conf.
1004 3741 1155 3802 Bibl.
1190 3741 1333 3802 crit.
1370 3740 1441 3800 Ν.
1480 3740 1593 3800 111.
1631 3760 1692 3819 p.
1730 3739 1869 3802 360.
1953 3741 2115 3804 effic.
2148 3744 2216 3820 Ι,
2258 3744 2373 3820 21,
2414 3743 2488 3804 71
2511 3790 2533 3820 ,
2574 3744 2755 3823 offen·

800 3849 1036 3908 donum
1076 3856 1131 3905 et
1176 3845 1533 3925 repulsarum
1573 3845 1747 3923 quasi
1782 3846 2092 3924 quamdam
2125 3849 2519 3929 ignominiam
2555 3849 2758 3906 einen

806 3963 863 4011 et
898 3951 1253 4032 infamiam.-
1295 3955 1355 4008 et
1388 3947 1667 4008 universe
1700 3957 1787 4008 est
1823 3949 2215 4028 improbatio,
2255 3950 2647 4030 vituperatio,
2684 3956 2761 4008 ut

807 4053 935 4113 Pin.
973 4052 1021 4110 V
1041 4098 1058 4127 ‚
1100 4051 1180 4112 22
1199 4098 1216 4128 ,
1258 4050 1336 4112 62
1356 4096 1374 4126 ‚
1415 4051 1647 4112 moveri
1688 4053 2006 4130 offensione
2041 4054 2463 4132 turpitudinis,
2503 4070 2760 4133 conpro-

811 4156 1045 4215 batione
1080 4154 1414 4215 honestatis.
1496 4155 1572 4215 ln
1600 4151 1761 4213 Offio.
1796 4153 1858 4228 Ι,
1897 4154 2009 4233 36,
2054 4155 2190 4232 130,
2234 4175 2359 4217 non
2390 4156 2765 4234 cogitavimet
