3131 5032
755 414 885 479 460
1461 410 1605 476 Lux.
1653 411 1750 495 11,
1807 413 1871 494 1,
1921 420 1986 478 3.

749 637 825 678 es
849 615 1094 694 iisdem,
1119 616 1335 697 quibus
1366 636 1500 693 nos,
1524 617 1830 677 radicibus
1856 628 2062 677 natum
2086 615 2170 678 ad
2192 617 2440 677 salutem
2461 619 2724 699 inperii

751 719 930 780 huius
946 766 965 797 ,
996 720 1075 780 de
1106 717 1255 781 locis
1287 718 1735 800 accipiendum,
1771 740 1897 781 non
1925 720 2004 780 de
2033 718 2204 780 civili
2233 718 2602 781 conditione.
2627 755 2717 768 -

745 822 873 884 Blox
886 869 905 899 ,
954 823 1231 885 meliores
1269 823 1458 883 libros
1491 831 1730 883 secutus
1746 868 1764 898 ,
1805 824 2038 884 servavi
2068 824 2270 904 itaqua
2284 868 2304 900 ,
2343 842 2456 903 pro
2488 823 2677 903 idque
2688 866 2712 900 ,

739 925 907 1006 quod
940 946 1065 987 non
1098 925 1332 1006 indiget
1364 924 1904 987 commendatione.

820 1030 1187 1091 orationibus
1238 1029 1562 1089 inducebar
1618 1030 1740 1089 tuis
1791 1040 1849 1089 et
1900 1027 2187 1110 versibus)
2282 1027 2546 1089 Moserus
2576 1046 2707 1089 non

736 1140 911 1211 putat
954 1134 1197 1213 proprie
1253 1134 1543 1192 orationes
1590 1131 1892 1192 Ciceronis
1943 1132 2006 1191 h.
2052 1132 2095 1193 l.
2138 1131 2486 1211 cogitandas
2539 1150 2668 1191 ene
2682 1155 2705 1208 ς

735 1233 842 1294 sed
876 1255 1001 1295 esse
1033 1254 1202 1315 posse
1245 1234 1642 1313 expositiones
1680 1254 1889 1295 eorum
1902 1281 1921 1311 ‚
1962 1253 2119 1313 quae
2151 1235 2288 1313 quis
2323 1242 2527 1294 mente
2559 1253 2707 1294 con·

735 1336 984 1415 ceperit.
1066 1337 1255 1416 Atqui
1300 1336 1385 1396 sic
1431 1337 1655 1413 oratio,
1698 1355 1822 1396 non
1857 1336 2179 1411 mtionas,
2211 1334 2363 1395 solet
2390 1329 2704 1413 usurpari,

733 1459 936 1519 neque
991 1459 1063 1501 ea
1112 1440 1414 1516 versibus,
1472 1438 1578 1499 sed
1630 1438 1880 1499 omnino
1929 1437 2164 1517 scriptis
2211 1437 2571 1517 opponitur:
2623 1435 2706 1496 ad

733 1540 868 1603 niv.
904 1543 1023 1620 XI,
1071 1543 1181 1618 12,
1228 1544 1300 1621 1,
1339 1563 1414 1602 aar
1465 1543 1589 1602 tuis
1635 1541 1823 1602 literis
1868 1552 1926 1600 et
1972 1561 2046 1600 aar
2094 1541 2370 1600 Graeceii
2404 1540 2706 1601 oratione.-

733 1646 882 1706 ibid.
934 1645 1080 1721 XII,
1132 1646 1249 1723 26,
1295 1645 1363 1722 1,
1403 1665 1477 1705 ex
1529 1664 1727 1704 samm
1778 1645 2040 1704 oratione
2090 1642 2378 1703 intellexi.
2480 1642 2705 1702 Contra

730 1748 810 1810 ad
839 1748 970 1811 mv.
1002 1748 1101 1809 XV
1111 1795 1130 1826 ,
1168 1750 1234 1826 4,
1276 1748 1349 1809 12
1360 1795 1379 1826 ,
1411 1749 1514 1808 sed
1537 1750 1608 1807 in
1643 1748 1913 1808 omnibus
1951 1746 2349 1823 orationibus,
2390 1745 2707 1806 muntiis

730 1853 1033 1929 dicendis,
1075 1855 1274 1914 causis
1324 1853 1607 1934 agendis,
1651 1851 1921 1911 omnibus
1953 1852 2194 1933 scriptis
2228 1882 2309 1896 —
2341 1860 2395 1908 te
2429 1848 2706 1908 omnibus

732 1958 1117 2036 anteferrem.-
1171 1954 1334 2015 Orat.
1379 1954 1489 2031 37,
1534 1952 1687 2030 130,
1728 1953 1806 2014 de
1835 1954 1958 2013 suis
1983 1953 2245 2033 scriptis,
2286 1952 2390 2012 sed
2420 1962 2707 2031 apparant

729 2060 799 2116 ia
834 2058 1235 2134 orationibus,
1276 2059 1390 2117 etsi
1417 2068 1617 2117 carent
1645 2057 1788 2117 mm·
1810 2058 2031 2137 spiritu
2056 2057 2197 2117 illo.-
2237 2055 2367 2114 Fin.
2399 2052 2508 2129 IV,
2538 2052 2609 2128 3,
2629 2056 2704 2131 5,

732 2161 836 2219 sed
865 2162 1045 2219 etiam
1070 2161 1332 2240 exempla
1353 2161 1424 2218 in
1450 2160 1818 2220 orationihus
1846 2161 2234 2240 reliquerunt,
2272 2155 2704 2235 intelliguntur

731 2261 1265 2342 Peripateticorum
1300 2265 1464 2341 λόχοι
1498 2271 1948 2341 προτρεπτικοί,
1993 2266 2507 2342 παραμυθητικοί,
2552 2282 2697 2338 παρ·

734 2373 1069 2440 αινητικοὶ,
1133 2365 1477 2444 similesque
1501 2410 1521 2442 ,
1578 2365 1790 2444 quales
1847 2363 2195 2425 indicantur
2248 2363 2293 2445 §
2349 2363 2425 2423 6:
2496 2362 2704 2441 itaque

733 2469 986 2532 consilio
1032 2468 1118 2531 sic
1162 2469 1460 2550 scripsisse
1493 2467 1754 2530 videtur.
1852 2468 1969 2530 Sed
2004 2474 2283 2530 errarunt
2317 2465 2601 2527 Goerenz.
2636 2471 2705 2525 et

731 2572 1016 2650 lloserus,
1058 2593 1251 2652 quum
1283 2571 1579 2653 putabant
1609 2571 1674 2631 in
1700 2570 2114 2652 superstitibus
2139 2567 2510 2631 orationibus
2536 2566 2702 2627 nihil

732 2674 1111 2756 deprehendi
1159 2676 1238 2736 de
1288 2675 1440 2736 saxis
1472 2674 1594 2734 illis
1626 2683 1688 2734 et
1722 2675 2046 2735 montibus.
2127 2672 2369 2733 Praeter
2401 2671 2508 2731 illa
2537 2688 2702 2750 quae

727 2778 912 2839 modo
963 2778 1229 2839 indicavi
1244 2824 1263 2855 ,
1312 2777 1524 2839 eodem
1565 2777 1885 2838 referenda
1925 2778 2075 2838 haec
2110 2797 2185 2837 ex
2222 2775 2425 2837 Plane.
2462 2775 2536 2851 8,
2575 2773 2696 2851 20,

729 2882 838 2942 ubi
871 2881 949 2942 de
981 2901 1045 2942 se
1077 2890 1139 2942 et
1175 2879 1253 2942 de
1287 2880 1474 2941 fratre
1506 2901 1688 2961 agens
1709 2926 1725 2959 ‚
1772 2901 2014 2961 quonam
2064 2880 2382 2941 honoratus
2397 2925 2416 2956 ‚
2458 2877 2698 2958 inquit,

724 2988 863 3067 agri
879 3006 1063 3067 propa
1097 2987 1294 3046 dicam
1327 2987 1452 3066 ipsi
1486 2996 1818 3064 montesque
1835 2987 2163 3065 savernam.-
2200 2982 2349 3044 ibid.
2367 2981 2437 3059 9,
2470 2981 2583 3058 22,
2611 2980 2697 3041 de

724 3086 940 3149 eodem
1003 3096 1196 3149 tractu
1215 3135 1235 3166 ‚
1293 3100 1415 3149 tota
1466 3088 1716 3168 denique
1768 3099 1966 3147 nostra
2014 3087 2124 3147 itta
2171 3106 2376 3167 aspera
2428 3096 2486 3145 et
2535 3103 2696 3144 non-

724 3203 851 3252 tosa
883 3226 964 3240 —-
993 3195 1176 3275 regio.
1493 3266 1505 3279 ·

804 3295 908 3355 secl
938 3293 1223 3376 mirabar)
1286 3293 1611 3355 Tritissima
1638 3300 1727 3353 est
1750 3293 1902 3353 haec
1922 3289 2343 3351 instaurandae
2363 3289 2697 3351 sententiae

723 3392 955 3455 forma:
995 3394 1101 3455 sed
1135 3394 1511 3474 agnoscenda
1545 3402 1676 3454 erat
1709 3395 1772 3453 in
1803 3394 1921 3455 hoc
1949 3394 2109 3470 loco,
2145 3390 2306 3453 Offic.
2347 3392 2376 3450 1
2400 3436 2415 3451 .
2457 3390 2533 3467 9,
2574 3391 2693 3468 30,

722 3495 1409 3576 interpungendumque
1425 3542 1445 3573 ,
1503 3496 1616 3556 Est
1647 3497 1805 3556 enim
1840 3494 2111 3575 difficilis
2143 3515 2287 3556 cura
2320 3513 2512 3553 rerum
2549 3494 2694 3554 alia·

723 3618 937 3658 aarum
972 3598 1351 3680 (quamquam
1381 3631 1447 3645 —
1487 3597 1726 3679 putat),
1767 3600 1870 3658 sed
1902 3610 2097 3659 tamen
2128 3633 2229 3661 —-.

807 3698 851 3782 ς
890 3698 950 3760 3.
1022 3702 1431 3761 amoenitatem
1460 3700 1615 3761 hanc
1642 3712 1699 3761 et
1714 3700 2143 3784 salubritatem)
2186 3703 2396 3764 Utrum
2414 3719 2689 3782 pronom.

725 3801 837 3864 illo
868 3802 1003 3863 loco
1018 3848 1037 3879 ‚
1078 3821 1156 3861 an
1181 3811 1315 3881 post
1344 3804 1747 3865 salubritatem
1769 3805 2119 3885 ponendum
2153 3815 2331 3883 esset,
2372 3827 2495 3867 non
2530 3804 2689 3865 diiu-

726 3903 1057 3967 dicandum
1107 3912 1237 3964 erat
1285 3925 1359 3966 ex
1414 3927 1531 3967 usu
1572 3909 1835 3988 quodam
1877 3909 2266 3971 Ciceroniano
2280 3957 2301 3986 ,
2340 3909 2446 3970 sed
2477 3907 2689 3968 viden-

725 4008 876 4071 dum
906 4008 1059 4090 quid
1094 4008 1386 4071 sententia
1415 4011 1762 4090 postularet.
1842 4012 2275 4074 Amoenitatem
2308 4013 2462 4073 hanc
2497 4010 2689 4086 dixit,

727 4111 954 4193 quippe
998 4132 1183 4193 quam
1229 4131 1397 4176 nunc
1432 4115 1696 4178 maxime
1729 4116 1921 4178 oculis
1952 4117 2396 4196 percipiebant:
2438 4115 2689 4177 salubri·
