3131 5032
728 454 856 522 338
1436 448 1579 516 Lm.
1627 449 1692 534 1,
1741 448 1817 534 7,
1863 452 1971 517 23.

733 662 799 719 in
849 660 1076 720 ratione
1092 704 1112 734 ,
1163 655 1643 735 habebimueque
1692 655 1743 715 si
1788 654 2051 734 legetur,
2105 657 2357 735 itemque
2411 660 2569 718 ratio
2618 658 2701 718 ad

726 766 1055 846 perfectam
1098 762 1386 821 rationem
1402 805 1422 836 ,
1460 779 1586 838 quo
1631 758 2020 820 confirmatur
2059 758 2488 821 demonstratio
2520 782 2555 823 a
2585 782 2700 823 na-

736 876 909 927 turae
960 864 1148 925 initiis
1197 862 1493 944 proficisci
1539 862 1731 942 ipsam
1769 863 2120 942 sapientiam
2138 908 2158 938 ,
2198 862 2241 922 i.
2280 884 2336 924 e.
2373 865 2660 929 virtutem
2678 912 2697 943 ,

734 988 893 1049 quae
918 988 1041 1029 non
1066 976 1299 1028 tantum
1312 966 1609 1048 perfecta,
1629 966 1734 1028 oed
1756 967 1939 1026 etiam
1958 977 2115 1027 reeta
2142 968 2298 1026 ratio
2326 969 2697 1047 appellatur,

736 1072 904 1132 Tuae.
940 1070 1059 1147 IV,
1102 1071 1214 1146 15,
1253 1069 1354 1130 34.

822 1175 1150 1235 consociati
1182 1174 1446 1234 homines
1476 1193 1614 1233 eum
1644 1169 1792 1252 diis)
1870 1170 2133 1232 Praetuli
2184 1173 2343 1234 hanc
2372 1174 2698 1237 lectionem

734 1297 881 1357 prae
943 1278 1164 1349 altera,
1224 1295 1409 1356 quam
1471 1276 1596 1336 mei
1664 1274 1992 1335 deteriores
2049 1275 2276 1336 habent
2293 1322 2313 1352 ,
2370 1279 2698 1339 conciliati.

734 1381 955 1441 Tamen
1005 1388 1076 1440 ut
1120 1379 1350 1454 dicam,
1395 1378 1563 1459 quod
1594 1379 1819 1454 sentio,
1864 1386 2180 1458 utramque
2211 1381 2698 1459 coniungendam

736 1504 860 1544 esee
891 1490 1076 1563 puto,
1115 1482 1568 1562 legendumque
1601 1483 1911 1543 conciliati
1942 1493 1999 1541 et
2031 1485 2358 1543 consociati
2395 1484 2698 1557 hominen

735 1585 1247 1666 quemadmodum
1292 1587 1402 1646 ista
1441 1585 1813 1665 coniungere
1849 1585 2033 1661 solet,
2081 1584 2244 1647 Offic.
2280 1586 2349 1664 1,
2391 1586 2503 1665 41,
2546 1586 2699 1665 149,

735 1692 869 1753 Nat.
904 1692 974 1753 D.
1008 1692 1109 1768 11,
1147 1690 1261 1767 31,
1300 1688 1401 1753 78.
1441 1690 1570 1750 Fin.
1604 1690 1735 1767 111,
1775 1688 1891 1766 20,
1933 1689 2032 1751 66.

816 1796 1032 1875 quibua
1078 1806 1273 1855 autem
1318 1794 1462 1853 haee
1493 1805 1634 1855 eunt
1668 1795 1827 1853 inter
1853 1813 1950 1852 eae
1986 1791 2346 1875 eommunia)
2425 1793 2699 1854 Graviter

732 1904 1045 1958 succenset
1094 1897 1352 1957 Moserus
1404 1904 1535 1956 tum
1583 1897 1657 1955 iis
1707 1897 1817 1976 qui
1864 1895 2177 1975 corrigunt
2225 1898 2383 1956 inter
2421 1919 2483 1957 ee
2501 1943 2521 1974 ,
2565 1905 2696 1958 tum

728 1999 805 2058 iis
853 1998 964 2078 qui
999 1997 1333 2057 defendunt
1366 1999 1525 2056 inter
1551 2018 1667 2057 eos.
1748 1996 2102 2058 Tenendum
2143 1998 2386 2059 videtur
2421 2018 2692 2078 pronom.

732 2100 1087 2175 demonstr„
1123 2102 1179 2160 ie
1220 2109 1282 2160 et
1313 2102 1439 2181 ipse
1456 2147 1475 2176 ‚
1513 2120 1640 2159 non
1666 2109 1901 2160 tantum
1932 2101 1999 2160 in
2023 2101 2377 2162 secundaria
2405 2103 2696 2163 sententia

736 2226 912 2285 saepe
944 2205 1090 2284 poni
1122 2225 1235 2284 pro
1264 2205 1556 2265 reflexivo
1587 2205 1693 2287 (cf.
1727 2204 1982 2285 Madvig.
2017 2205 2095 2266 ad
2128 2205 2256 2267 Pin.
2284 2226 2346 2285 p.
2383 2204 2556 2287 515),
2588 2204 2693 2265 sed

728 2309 1019 2389 postulari
1080 2308 1262 2369 etiam
1323 2315 1554 2368 mutato
1602 2308 1903 2369 subiecto:
1962 2330 2165 2389 neque
2214 2310 2381 2370 enim
2433 2309 2517 2369 sio
2567 2309 2691 2369 dici

730 2421 996 2494 poterat,
1046 2414 1140 2472 dii
1177 2412 1550 2491 hominesque
1593 2412 1735 2473 haee
1764 2413 1976 2473 habene
2006 2415 2167 2473 inter
2194 2434 2291 2473 eos
2322 2415 2654 2473 eommunia
2671 2458 2689 2487 ,

730 2536 932 2596 neque
984 2516 1106 2576 diis
1161 2515 1608 2595 hominibusque
1659 2516 1801 2577 haee
1840 2528 1980 2576 eant
2023 2519 2183 2577 inter
2222 2539 2283 2577 ee
2327 2518 2688 2577 communia:

729 2628 862 2680 tum
917 2620 1100 2680 etiam
1151 2619 1447 2679 rationem
1495 2619 1711 2679 haberi
1746 2619 1974 2679 ordinis
2005 2621 2329 2681 verborum
2348 2665 2367 2696 ,
2408 2619 2558 2680 adeo
2594 2626 2689 2697 ut,

727 2731 938 2784 contra
962 2742 1147 2800 quam
1175 2721 1512 2781 subiectum
1538 2724 2003 2802 grammaticum
2032 2725 2320 2804 postulat,
2359 2742 2693 2802 pronomen

728 2826 1003 2906 proximo
1055 2824 1287 2884 nomini
1339 2826 1860 2904 accommodetur,
1912 2828 2069 2888 sicut
2109 2827 2275 2889 Offic.
2310 2827 2377 2903 1,
2423 2827 2532 2903 17,
2573 2824 2653 2885 53
2671 2871 2691 2901 ,

729 2930 915 2990 malea
950 2942 1089 2989 eune
1132 2931 1291 2988 enim
1324 2930 1561 2990 civibus
1595 2933 1751 2991 inter
1779 2953 1839 2991 ee
1874 2933 2207 2992 communia
2225 2978 2244 3008 ‚
2275 2932 2440 3012 quod
2476 2932 2544 2991 in
2572 2931 2691 2991 alio

726 3032 1054 3092 verborum
1087 3031 1300 3092 ordine
1336 3031 1666 3093 dicendum
1702 3042 1858 3110 erat,
1895 3035 2129 3095 civibus
2162 3035 2348 3095 multa
2373 3045 2513 3095 sunt
2538 3036 2695 3094 inter

729 3134 891 3215 ipsos
944 3136 1299 3195 communia.
1378 3135 1531 3194 Hinc
1586 3136 1713 3197 Fin.
1750 3135 1835 3212 V,
1875 3136 1952 3213 9,
1992 3137 2108 3213 25,
2150 3138 2435 3217 quaedam
2484 3158 2604 3196 esse
2635 3147 2693 3195 et

726 3238 888 3296 inter
910 3257 971 3295 ee
1006 3237 1366 3296 animalibus
1393 3237 1642 3316 reliquie
1656 3282 1675 3313 ,
1708 3250 1767 3297 et
1798 3260 1933 3299 eum
1957 3239 2161 3298 bestiis
2189 3238 2417 3298 homini
2440 3258 2691 3297 commu·

725 3341 836 3399 nia
854 3385 872 3416 ,
914 3357 1038 3399 non
1079 3340 1239 3397 inter
1276 3340 1440 3419 ipsa.-
1480 3359 1640 3419 quae
1685 3341 1841 3401 ratio
1874 3340 1941 3400 iu
1975 3341 2087 3401 isto
2126 3341 2442 3401 verborum
2474 3337 2691 3398 ordine

724 3442 811 3502 sic
861 3440 1214 3521 accipienda
1248 3449 1371 3515 eet,
1425 3451 1495 3502 ut
1527 3442 1694 3524 quod
1734 3445 2197 3523 grammaticum
2229 3441 2567 3502 subiectum
2603 3449 2695 3501 est

725 3542 938 3626 (malta
955 3590 974 3620 ,
1031 3552 1138 3604 aut
1184 3545 1472 3625 quaedam
1487 3544 1531 3627 ,)
1571 3566 1784 3608 revera
1833 3548 2164 3608 sententiae
2199 3541 2695 3630 (communitatis)

726 3646 803 3706 sit
850 3647 1173 3708 obiectum.
1257 3648 1502 3724 Contra,
1559 3650 1665 3710 uhi
1699 3650 1765 3709 iu
1795 3651 1921 3728 ipsa
1956 3650 2245 3711 sententia
2281 3669 2387 3724 ea,
2428 3666 2692 3728 quorum

724 3768 1050 3810 commune
1102 3749 1257 3829 quid
1311 3770 1434 3811 esse
1489 3749 1759 3826 dicatur,
1806 3772 1929 3811 non
1971 3752 2086 3810 nisi
2136 3748 2485 3810 declarandi
2516 3768 2691 3808 causa

727 3862 1138 3913 memorantur
1175 3853 1452 3932 primarii
1485 3854 1776 3929 subiecti,
1816 3855 2008 3915 veluti
2041 3856 2375 3928 societatis,
2414 3868 2688 3931 pronom.

720 3954 1256 4018 demonstrativum
1289 3960 1571 4037 ponitur,
1613 3965 1682 4018 ut
1720 3958 1877 4017 infra
1911 3957 2049 4036 Cap.
2086 3956 2191 4032 10,
2230 3955 2311 4017 28
2331 4001 2349 4032 ,
2391 3957 2691 4015 heminam

723 4059 882 4119 inter
928 4062 1087 4141 ipsos
1139 4062 1418 4121 societas:
1476 4069 1537 4119 et
1587 4060 1682 4136 11,
1721 4061 1795 4136 7,
1843 4059 1952 4136 16,
1993 4062 2243 4120 societas
2278 4060 2503 4119 civium
2536 4059 2693 4116 inter

605 4236 608 4237 ⁷
717 4162 916 4240 ipsae.-
975 4170 1035 4221 et
1089 4162 1253 4224 Brut.
1313 4161 1425 4237 16,
1479 4160 1591 4235 63,
1645 4174 1728 4221 eei
1770 4162 2054 4221 nonnulla
2091 4163 2157 4219 in
2193 4160 2288 4219 luis
2324 4161 2501 4219 etiam
2532 4160 2693 4217 inter
