<?xml version="1.0" encoding="UTF-8"?>
<!DOCTYPE html PUBLIC "-//W3C//DTD XHTML 1.0 Transitional//EN"
    "http://www.w3.org/TR/xhtml1/DTD/xhtml1-transitional.dtd">
<html xmlns="http://www.w3.org/1999/xhtml" xml:lang="en" lang="en">
 <head>
  <title>
</title>
<meta http-equiv="Content-Type" content="text/html;charset=utf-8" />
  <meta name='ocr-system' content='tesseract 3.04.00' />
  <meta name='ocr-capabilities' content='ocr_page ocr_carea ocr_par ocr_line ocrx_word'/>
</head>
<body>
  <div class='ocr_page' id='page_1' title='image "./mtulliiciceroni02bakegoog_0108.png"; bbox 0 0 3131 5032; ppageno 0'>
   <div class='ocr_carea' id='block_1_1' title="bbox 1308 474 1395 548">
    <p class='ocr_par' dir='ltr' id='par_1_1' title="bbox 1308 474 1395 548">
     <span class='ocr_line' id='line_1_1' title="bbox 1308 474 1395 548; baseline -0.023 0"><span class='ocrx_word' id='word_1_1' title='bbox 1308 474 1395 548; x_wconf 78' lang='lat'><strong>41</strong></span> 
     </span>
    </p>
   </div>
   <div class='ocr_carea' id='block_1_2' title="bbox 376 687 2360 4015">
    <p class='ocr_par' dir='ltr' id='par_1_2' title="bbox 376 687 2360 4015">
     <span class='ocr_line' id='line_1_2' title="bbox 381 687 2334 791; baseline 0.002 -29"><span class='ocrx_word' id='word_1_2' title='bbox 381 693 495 762; x_wconf 84' lang='lat' dir='ltr'><strong>nis</strong></span> <span class='ocrx_word' id='word_1_3' title='bbox 517 687 678 788; x_wconf 87' lang='lat' dir='ltr'><strong>lege</strong></span> <span class='ocrx_word' id='word_1_4' title='bbox 703 700 925 785; x_wconf 87' lang='lat' dir='ltr'><strong>atque</strong></span> <span class='ocrx_word' id='word_1_5' title='bbox 945 691 1253 788; x_wconf 90' lang='lat' dir='ltr'><strong>imperio</strong></span> <span class='ocrx_word' id='word_1_6' title='bbox 1276 689 1727 789; x_wconf 84' lang='lat' dir='ltr'><strong>putabimus:</strong></span> <span class='ocrx_word' id='word_1_7' title='bbox 1748 715 1884 765; x_wconf 90' lang='lat' dir='ltr'><strong>nec</strong></span> <span class='ocrx_word' id='word_1_8' title='bbox 1905 696 1965 764; x_wconf 88' lang='lat' dir='ltr'><strong>si</strong></span> <span class='ocrx_word' id='word_1_9' title='bbox 1987 706 2334 791; x_wconf 84' lang='lat' dir='ltr'><strong>regnante</strong></span> 
     </span>
     <span class='ocr_line' id='line_1_3' title="bbox 381 808 2335 910; baseline 0.001 -28"><span class='ocrx_word' id='word_1_10' title='bbox 381 812 776 907; x_wconf 86' lang='lat' dir='ltr'><strong>Tarquinio</strong></span> <span class='ocrx_word' id='word_1_11' title='bbox 823 808 1017 881; x_wconf 90' lang='lat' dir='ltr'><strong>nulla</strong></span> <span class='ocrx_word' id='word_1_12' title='bbox 1066 822 1218 882; x_wconf 90' lang='lat' dir='ltr'><strong>erat</strong></span> <span class='ocrx_word' id='word_1_13' title='bbox 1259 814 1529 884; x_wconf 87' lang='lat' dir='ltr'><strong>Romae</strong></span> <span class='ocrx_word' id='word_1_14' title='bbox 1576 815 1840 910; x_wconf 87' lang='lat' dir='ltr'><strong>scripta</strong></span> <span class='ocrx_word' id='word_1_15' title='bbox 1884 812 1999 884; x_wconf 86' lang='lat' dir='ltr'><strong>lex</strong></span> <span class='ocrx_word' id='word_1_16' title='bbox 2043 812 2135 884; x_wconf 91' lang='lat' dir='ltr'><strong>de</strong></span> <span class='ocrx_word' id='word_1_17' title='bbox 2182 825 2335 883; x_wconf 90' lang='lat' dir='ltr'><strong>stu-</strong></span> 
     </span>
     <span class='ocr_line' id='line_1_4' title="bbox 380 928 2338 1031; baseline 0.001 -31"><span class='ocrx_word' id='word_1_18' title='bbox 380 932 562 1029; x_wconf 89' lang='lat' dir='ltr'><strong>pris,</strong></span> <span class='ocrx_word' id='word_1_19' title='bbox 598 928 870 1000; x_wconf 89' lang='lat' dir='ltr'><strong>idcirco</strong></span> <span class='ocrx_word' id='word_1_20' title='bbox 898 952 1044 999; x_wconf 92' lang='lat' dir='ltr'><strong>non</strong></span> <span class='ocrx_word' id='word_1_21' title='bbox 1069 942 1319 1002; x_wconf 89' lang='lat' dir='ltr'><strong>contra</strong></span> <span class='ocrx_word' id='word_1_22' title='bbox 1343 929 1534 1003; x_wconf 82' lang='lat' dir='ltr'><strong>illam</strong></span> <span class='ocrx_word' id='word_1_23' title='bbox 1561 931 1794 1030; x_wconf 87' lang='lat' dir='ltr'><strong>legem</strong></span> <span class='ocrx_word' id='word_1_24' title='bbox 1826 935 2338 1031; x_wconf 87' lang='lat' dir='ltr'><strong>sempiternam</strong></span> 
     </span>
     <span class='ocr_line' id='line_1_5' title="bbox 379 1048 2336 1150; baseline 0.001 -29"><span class='ocrx_word' id='word_1_25' title='bbox 379 1052 539 1121; x_wconf 86' lang='lat' dir='ltr'><strong>Sex.</strong></span> <span class='ocrx_word' id='word_1_26' title='bbox 594 1051 1029 1146; x_wconf 82' lang='lat' dir='ltr'>Tarquinius</span> <span class='ocrx_word' id='word_1_27' title='bbox 1079 1051 1222 1119; x_wconf 84' lang='lat' dir='ltr'><strong>vim</strong></span> <span class='ocrx_word' id='word_1_28' title='bbox 1274 1054 1649 1124; x_wconf 84' lang='lat' dir='ltr'><strong>Lucretiae</strong></span> <span class='ocrx_word' id='word_1_29' title='bbox 1697 1055 2098 1150; x_wconf 84' lang='lat' dir='ltr'>Tricipitini</span> <span class='ocrx_word' id='word_1_30' title='bbox 2150 1048 2336 1122; x_wconf 87' lang='lat' dir='ltr'><strong>filiae</strong></span> 
     </span>
     <span class='ocr_line' id='line_1_6' title="bbox 376 1147 2336 1268; baseline 0.001 -27"><span class='ocrx_word' id='word_1_31' title='bbox 376 1167 643 1242; x_wconf 85' lang='lat' dir='ltr'><strong>attulit.</strong></span> <span class='ocrx_word' id='word_1_32' title='bbox 693 1172 860 1239; x_wconf 82' lang='lat' dir='ltr'><strong>Erat</strong></span> <span class='ocrx_word' id='word_1_33' title='bbox 899 1147 1092 1238; x_wconf 84' lang='lat' dir='ltr'><strong>enim</strong></span> <span class='ocrx_word' id='word_1_34' title='bbox 1126 1172 1309 1240; x_wconf 88' lang='lat' dir='ltr'><strong>ratio</strong></span> <span class='ocrx_word' id='word_1_35' title='bbox 1344 1168 1669 1268; x_wconf 89' lang='lat' dir='ltr'><strong>profecta</strong></span> <span class='ocrx_word' id='word_1_36' title='bbox 1698 1197 1751 1244; x_wconf 80' lang='lat' dir='ltr'><strong>a</strong></span> <span class='ocrx_word' id='word_1_37' title='bbox 1773 1196 2017 1243; x_wconf 89' lang='lat' dir='ltr'><strong>rerum</strong></span> <span class='ocrx_word' id='word_1_38' title='bbox 2054 1184 2336 1258; x_wconf 87' lang='lat' dir='ltr'><strong>natura,</strong></span> 
     </span>
     <span class='ocr_line' id='line_1_7' title="bbox 379 1283 2338 1387; baseline 0 -28"><span class='ocrx_word' id='word_1_39' title='bbox 379 1300 457 1360; x_wconf 86' lang='lat' dir='ltr'><strong>et</strong></span> <span class='ocrx_word' id='word_1_40' title='bbox 507 1285 602 1358; x_wconf 87' lang='lat' dir='ltr'><strong>ad</strong></span> <span class='ocrx_word' id='word_1_41' title='bbox 657 1298 850 1358; x_wconf 88' lang='lat' dir='ltr'><strong>recte</strong></span> <span class='ocrx_word' id='word_1_42' title='bbox 909 1283 1320 1357; x_wconf 87' lang='lat' dir='ltr'><strong>faciendum</strong></span> <span class='ocrx_word' id='word_1_43' title='bbox 1375 1288 1779 1387; x_wconf 78' lang='lat' dir='ltr'><strong>impellenS,</strong></span> <span class='ocrx_word' id='word_1_44' title='bbox 1842 1302 1915 1360; x_wconf 90' lang='lat' dir='ltr'><strong>et</strong></span> <span class='ocrx_word' id='word_1_45' title='bbox 1972 1312 2014 1360; x_wconf 87' lang='lat' dir='ltr'><strong>a</strong></span> <span class='ocrx_word' id='word_1_46' title='bbox 2073 1285 2338 1359; x_wconf 88' lang='lat' dir='ltr'><strong>delicto</strong></span> 
     </span>
     <span class='ocr_line' id='line_1_8' title="bbox 377 1404 2337 1506; baseline -0.001 -27"><span class='ocrx_word' id='word_1_47' title='bbox 377 1430 719 1496; x_wconf 78' lang='lat' dir='ltr'><strong>avocans3</strong></span> <span class='ocrx_word' id='word_1_48' title='bbox 759 1427 948 1503; x_wconf 87' lang='lat' dir='ltr'><strong>quae</strong></span> <span class='ocrx_word' id='word_1_49' title='bbox 990 1429 1137 1477; x_wconf 89' lang='lat' dir='ltr'><strong>non</strong></span> <span class='ocrx_word' id='word_1_50' title='bbox 1181 1419 1336 1477; x_wconf 87' lang='lat' dir='ltr'><strong>tum</strong></span> <span class='ocrx_word' id='word_1_51' title='bbox 1368 1404 1685 1503; x_wconf 89' lang='lat' dir='ltr'><strong>denique</strong></span> <span class='ocrx_word' id='word_1_52' title='bbox 1732 1410 1982 1506; x_wconf 87' lang='lat' dir='ltr'>incipit</span> <span class='ocrx_word' id='word_1_53' title='bbox 2023 1405 2138 1478; x_wconf 83' lang='lat' dir='ltr'><strong>lex</strong></span> <span class='ocrx_word' id='word_1_54' title='bbox 2184 1429 2337 1478; x_wconf 90' lang='lat' dir='ltr'><strong>esse</strong></span> 
     </span>
     <span class='ocr_line' id='line_1_9' title="bbox 377 1523 2339 1624; baseline -0.001 -27"><span class='ocrx_word' id='word_1_55' title='bbox 377 1551 614 1624; x_wconf 89' lang='lat' dir='ltr'><strong>quum</strong></span> <span class='ocrx_word' id='word_1_56' title='bbox 652 1529 915 1623; x_wconf 88' lang='lat' dir='ltr'><strong>scripta</strong></span> <span class='ocrx_word' id='word_1_57' title='bbox 971 1538 1107 1613; x_wconf 88' lang='lat' dir='ltr'><strong>est,</strong></span> <span class='ocrx_word' id='word_1_58' title='bbox 1154 1523 1279 1596; x_wconf 89' lang='lat' dir='ltr'><strong>sed</strong></span> <span class='ocrx_word' id='word_1_59' title='bbox 1327 1537 1481 1596; x_wconf 89' lang='lat' dir='ltr'><strong>tum</strong></span> <span class='ocrx_word' id='word_1_60' title='bbox 1529 1551 1758 1623; x_wconf 91' lang='lat' dir='ltr'><strong>quum</strong></span> <span class='ocrx_word' id='word_1_61' title='bbox 1804 1540 1964 1597; x_wconf 86' lang='lat' dir='ltr'><strong>orta</strong></span> <span class='ocrx_word' id='word_1_62' title='bbox 2000 1538 2132 1597; x_wconf 83' lang='lat' dir='ltr'><strong>est:</strong></span> <span class='ocrx_word' id='word_1_63' title='bbox 2178 1538 2339 1595; x_wconf 86' lang='lat' dir='ltr'><strong>orta</strong></span> 
     </span>
     <span class='ocr_line' id='line_1_10' title="bbox 379 1642 2338 1735; baseline -0.001 -19"><span class='ocrx_word' id='word_1_64' title='bbox 379 1659 496 1716; x_wconf 89' lang='lat' dir='ltr'><strong>est</strong></span> <span class='ocrx_word' id='word_1_65' title='bbox 528 1658 768 1717; x_wconf 86' lang='lat' dir='ltr'><strong>autem</strong></span> <span class='ocrx_word' id='word_1_66' title='bbox 800 1644 1012 1716; x_wconf 88' lang='lat' dir='ltr'><strong>simul</strong></span> <span class='ocrx_word' id='word_1_67' title='bbox 1044 1668 1212 1715; x_wconf 92' lang='lat' dir='ltr'><strong>cum</strong></span> <span class='ocrx_word' id='word_1_68' title='bbox 1240 1659 1481 1717; x_wconf 84' lang='lat' dir='ltr'><strong>mente</strong></span> <span class='ocrx_word' id='word_1_69' title='bbox 1507 1643 1770 1718; x_wconf 86' lang='lat' dir='ltr'><strong>divina.</strong></span> <span class='ocrx_word' id='word_1_70' title='bbox 1842 1642 2338 1735; x_wconf 83' lang='lat' dir='ltr'><strong>Quamobrem</strong></span> 
     </span>
     <span class='ocr_line' id='line_1_11' title="bbox 379 1760 2339 1864; baseline -0.001 -29"><span class='ocrx_word' id='word_1_71' title='bbox 379 1764 498 1837; x_wconf 84' lang='lat' dir='ltr'><strong>lex</strong></span> <span class='ocrx_word' id='word_1_72' title='bbox 541 1789 709 1837; x_wconf 84' lang='lat' dir='ltr'><strong>vera</strong></span> <span class='ocrx_word' id='word_1_73' title='bbox 752 1778 973 1862; x_wconf 91' lang='lat' dir='ltr'><strong>atque</strong></span> <span class='ocrx_word' id='word_1_74' title='bbox 1009 1768 1348 1863; x_wconf 86' lang='lat' dir='ltr'><strong>princeps</strong></span> <span class='ocrx_word' id='word_1_75' title='bbox 1382 1779 1546 1864; x_wconf 91' lang='lat' dir='ltr'><strong>apta</strong></span> <span class='ocrx_word' id='word_1_76' title='bbox 1581 1764 1670 1837; x_wconf 87' lang='lat' dir='ltr'><strong>ad</strong></span> <span class='ocrx_word' id='word_1_77' title='bbox 1708 1762 2106 1837; x_wconf 91' lang='lat' dir='ltr'><strong>iubendum</strong></span> <span class='ocrx_word' id='word_1_78' title='bbox 2142 1775 2217 1835; x_wconf 90' lang='lat' dir='ltr'><strong>et</strong></span> <span class='ocrx_word' id='word_1_79' title='bbox 2244 1760 2339 1834; x_wconf 91' lang='lat' dir='ltr'><strong>ad</strong></span> 
     </span>
     <span class='ocr_line' id='line_1_12' title="bbox 381 1883 2336 1974; baseline -0.001 -19"><span class='ocrx_word' id='word_1_80' title='bbox 381 1883 806 1973; x_wconf 81' lang='lat' dir='ltr'><strong>vetandum,</strong></span> <span class='ocrx_word' id='word_1_81' title='bbox 854 1888 1037 1955; x_wconf 89' lang='lat' dir='ltr'><strong>ratio</strong></span> <span class='ocrx_word' id='word_1_82' title='bbox 1086 1897 1194 1956; x_wconf 92' lang='lat' dir='ltr'><strong>est</strong></span> <span class='ocrx_word' id='word_1_83' title='bbox 1234 1899 1426 1957; x_wconf 91' lang='lat' dir='ltr'><strong>recta</strong></span> <span class='ocrx_word' id='word_1_84' title='bbox 1457 1888 1723 1955; x_wconf 90' lang='lat' dir='ltr'><strong>summi</strong></span> <span class='ocrx_word' id='word_1_85' title='bbox 1759 1887 1967 1956; x_wconf 90' lang='lat' dir='ltr'><strong>Iovis.</strong></span> <span class='ocrx_word' id='word_1_86' title='bbox 2067 1885 2156 1974; x_wconf 90' lang='lat' dir='ltr'><strong>Q.</strong></span> <span class='ocrx_word' id='word_1_87' title='bbox 2206 1886 2336 1953; x_wconf 85' lang='lat' dir='ltr'><strong>As-</strong></span> 
     </span>
     <span class='ocr_line' id='line_1_13' title="bbox 381 2000 2339 2101; baseline -0.003 -24"><span class='ocrx_word' id='word_1_88' title='bbox 381 2009 692 2094; x_wconf 86' lang='lat' dir='ltr'><strong>sentior,</strong></span> <span class='ocrx_word' id='word_1_89' title='bbox 723 2000 979 2093; x_wconf 86' lang='lat' dir='ltr'><strong>frater,</strong></span> <span class='ocrx_word' id='word_1_90' title='bbox 1011 2017 1125 2092; x_wconf 91' lang='lat' dir='ltr'><strong>ut,</strong></span> <span class='ocrx_word' id='word_1_91' title='bbox 1154 2003 1357 2101; x_wconf 91' lang='lat' dir='ltr'><strong>quod</strong></span> <span class='ocrx_word' id='word_1_92' title='bbox 1393 2019 1498 2075; x_wconf 90' lang='lat' dir='ltr'><strong>est</strong></span> <span class='ocrx_word' id='word_1_93' title='bbox 1532 2017 1807 2076; x_wconf 89' lang='lat' dir='ltr'><strong>rectum</strong></span> <span class='ocrx_word' id='word_1_94' title='bbox 1826 2054 1846 2092; x_wconf 92' lang='lat'><strong>,</strong></span> <span class='ocrx_word' id='word_1_95' title='bbox 1878 2027 2131 2074; x_wconf 89' lang='lat' dir='ltr'><strong>verum</strong></span> <span class='ocrx_word' id='word_1_96' title='bbox 2158 2025 2339 2100; x_wconf 93' lang='lat' dir='ltr'><strong>quo-</strong></span> 
     </span>
     <span class='ocr_line' id='line_1_14' title="bbox 383 2122 2344 2222; baseline -0.002 -26"><span class='ocrx_word' id='word_1_97' title='bbox 383 2149 529 2222; x_wconf 89' lang='lat' dir='ltr'><strong>que</strong></span> <span class='ocrx_word' id='word_1_98' title='bbox 579 2127 709 2213; x_wconf 91' lang='lat' dir='ltr'><strong>sit,</strong></span> <span class='ocrx_word' id='word_1_99' title='bbox 758 2147 999 2220; x_wconf 89' lang='lat' dir='ltr'><strong>neque</strong></span> <span class='ocrx_word' id='word_1_100' title='bbox 1045 2147 1210 2195; x_wconf 89' lang='lat' dir='ltr'><strong>cum</strong></span> <span class='ocrx_word' id='word_1_101' title='bbox 1261 2122 1485 2195; x_wconf 90' lang='lat' dir='ltr'><strong>literis</strong></span> <span class='ocrx_word' id='word_1_102' title='bbox 1533 2122 1804 2220; x_wconf 91' lang='lat' dir='ltr'><strong>quibus</strong></span> <span class='ocrx_word' id='word_1_103' title='bbox 1854 2126 2027 2195; x_wconf 87' lang='lat' dir='ltr'><strong>scita</strong></span> <span class='ocrx_word' id='word_1_104' title='bbox 2082 2122 2344 2194; x_wconf 87' lang='lat' dir='ltr'><strong>descri-</strong></span> 
     </span>
     <span class='ocr_line' id='line_1_15' title="bbox 381 2239 2347 2339; baseline -0.001 -25"><span class='ocrx_word' id='word_1_105' title='bbox 381 2241 665 2314; x_wconf 89' lang='lat' dir='ltr'><strong>buntur</strong></span> <span class='ocrx_word' id='word_1_106' title='bbox 687 2250 710 2289; x_wconf 88' lang='lat'><strong>¹</strong></span> <span class='ocrx_word' id='word_1_107' title='bbox 769 2251 897 2312; x_wconf 89' lang='lat' dir='ltr'><strong>aut</strong></span> <span class='ocrx_word' id='word_1_108' title='bbox 942 2242 1247 2329; x_wconf 89' lang='lat' dir='ltr'><strong>oriatur,</strong></span> <span class='ocrx_word' id='word_1_109' title='bbox 1289 2253 1416 2312; x_wconf 88' lang='lat' dir='ltr'><strong>aut</strong></span> <span class='ocrx_word' id='word_1_110' title='bbox 1460 2239 1757 2314; x_wconf 86' lang='lat' dir='ltr'><strong>occidat.</strong></span> <span class='ocrx_word' id='word_1_111' title='bbox 1874 2246 1973 2312; x_wconf 90' lang='lat' dir='ltr'><strong>M.</strong></span> <span class='ocrx_word' id='word_1_112' title='bbox 2029 2245 2218 2339; x_wconf 87' lang='lat' dir='ltr'><strong>Ergo</strong></span> <span class='ocrx_word' id='word_1_113' title='bbox 2260 2253 2347 2312; x_wconf 89' lang='lat' dir='ltr'><strong>ut</strong></span> 
     </span>
     <span class='ocr_line' id='line_1_16' title="bbox 383 2358 2345 2459; baseline -0.002 -26"><span class='ocrx_word' id='word_1_114' title='bbox 383 2362 501 2435; x_wconf 86' lang='lat' dir='ltr'><strong>illa</strong></span> <span class='ocrx_word' id='word_1_115' title='bbox 560 2358 804 2432; x_wconf 87' lang='lat' dir='ltr'><strong>divina</strong></span> <span class='ocrx_word' id='word_1_116' title='bbox 861 2383 1063 2432; x_wconf 92' lang='lat' dir='ltr'><strong>mens</strong></span> <span class='ocrx_word' id='word_1_117' title='bbox 1116 2383 1398 2433; x_wconf 89' lang='lat' dir='ltr'><strong>summa</strong></span> <span class='ocrx_word' id='word_1_118' title='bbox 1449 2360 1564 2433; x_wconf 87' lang='lat' dir='ltr'><strong>lex</strong></span> <span class='ocrx_word' id='word_1_119' title='bbox 1607 2375 1744 2451; x_wconf 91' lang='lat' dir='ltr'><strong>est,</strong></span> <span class='ocrx_word' id='word_1_120' title='bbox 1792 2365 1966 2433; x_wconf 91' lang='lat' dir='ltr'><strong>item</strong></span> <span class='ocrx_word' id='word_1_121' title='bbox 1998 2384 2229 2459; x_wconf 90' lang='lat' dir='ltr'><strong>quum</strong></span> <span class='ocrx_word' id='word_1_122' title='bbox 2264 2363 2345 2430; x_wconf 91' lang='lat' dir='ltr'><strong>in</strong></span> 
     </span>
     <span class='ocr_line' id='line_1_17' title="bbox 386 2478 2344 2581; baseline -0.001 -27"><span class='ocrx_word' id='word_1_123' title='bbox 386 2481 688 2556; x_wconf 90' lang='lat' dir='ltr'><strong>homine</strong></span> <span class='ocrx_word' id='word_1_124' title='bbox 736 2494 847 2554; x_wconf 92' lang='lat' dir='ltr'><strong>est</strong></span> <span class='ocrx_word' id='word_1_125' title='bbox 894 2478 1212 2580; x_wconf 87' lang='lat' dir='ltr'><strong>perfecta</strong></span> <span class='ocrx_word' id='word_1_126' title='bbox 1258 2484 1334 2552; x_wconf 90' lang='lat' dir='ltr'><strong>in</strong></span> <span class='ocrx_word' id='word_1_127' title='bbox 1360 2489 1387 2528; x_wconf 88' lang='lat'>²</span> <span class='ocrx_word' id='word_1_128' title='bbox 1442 2494 1686 2555; x_wconf 86' lang='lat' dir='ltr'><strong>mente</strong></span> <span class='ocrx_word' id='word_1_129' title='bbox 1740 2485 2110 2581; x_wconf 90' lang='lat' dir='ltr'><strong>sapientis:</strong></span> <span class='ocrx_word' id='word_1_130' title='bbox 2155 2504 2344 2579; x_wconf 88' lang='lat' dir='ltr'><strong>quae</strong></span> 
     </span>
     <span class='ocr_line' id='line_1_18' title="bbox 388 2600 2345 2704; baseline -0.001 -31"><span class='ocrx_word' id='word_1_131' title='bbox 388 2617 557 2674; x_wconf 86' lang='lat' dir='ltr'><strong>sunt</strong></span> <span class='ocrx_word' id='word_1_132' title='bbox 593 2616 843 2675; x_wconf 86' lang='lat' dir='ltr'><strong>autem</strong></span> <span class='ocrx_word' id='word_1_133' title='bbox 875 2604 1064 2672; x_wconf 85' lang='lat' dir='ltr'><strong>varie</strong></span> <span class='ocrx_word' id='word_1_134' title='bbox 1101 2615 1172 2672; x_wconf 91' lang='lat' dir='ltr'><strong>et</strong></span> <span class='ocrx_word' id='word_1_135' title='bbox 1204 2600 1293 2673; x_wconf 87' lang='lat' dir='ltr'><strong>ad</strong></span> <span class='ocrx_word' id='word_1_136' title='bbox 1330 2614 1619 2701; x_wconf 91' lang='lat' dir='ltr'><strong>tempus</strong></span> <span class='ocrx_word' id='word_1_137' title='bbox 1646 2600 2004 2704; x_wconf 73' lang='lat' dir='ltr'><strong>descripta</strong></span> <span class='ocrx_word' id='word_1_138' title='bbox 2025 2601 2345 2702; x_wconf 89' lang='lat' dir='ltr'><strong>populis,</strong></span> 
     </span>
     <span class='ocr_line' id='line_1_19' title="bbox 387 2720 2351 2818; baseline -0.001 -25"><span class='ocrx_word' id='word_1_139' title='bbox 387 2721 632 2794; x_wconf 76' lang='lat' dir='ltr'><strong>favore</strong></span> <span class='ocrx_word' id='word_1_140' title='bbox 668 2722 894 2817; x_wconf 83' lang='lat' dir='ltr'><strong>magis</strong></span> <span class='ocrx_word' id='word_1_141' title='bbox 930 2744 1150 2818; x_wconf 88' lang='lat' dir='ltr'><strong>quam</strong></span> <span class='ocrx_word' id='word_1_142' title='bbox 1182 2744 1261 2792; x_wconf 91' lang='lat' dir='ltr'><strong>re</strong></span> <span class='ocrx_word' id='word_1_143' title='bbox 1291 2720 1532 2817; x_wconf 88' lang='lat' dir='ltr'><strong>legum</strong></span> <span class='ocrx_word' id='word_1_144' title='bbox 1557 2745 1824 2794; x_wconf 91' lang='lat' dir='ltr'><strong>nomen</strong></span> <span class='ocrx_word' id='word_1_145' title='bbox 1855 2735 2126 2794; x_wconf 89' lang='lat' dir='ltr'><strong>tenent.</strong></span> <span class='ocrx_word' id='word_1_146' title='bbox 2177 2725 2351 2792; x_wconf 89' lang='lat' dir='ltr'><strong>Om-</strong></span> 
     </span>
     <span class='ocr_line' id='line_1_20' title="bbox 395 2839 2351 2941; baseline -0.001 -30"><span class='ocrx_word' id='word_1_147' title='bbox 395 2865 568 2913; x_wconf 86' lang='lat' dir='ltr'><strong>nem</strong></span> <span class='ocrx_word' id='word_1_148' title='bbox 615 2845 806 2913; x_wconf 87' lang='lat' dir='ltr'><strong>enim</strong></span> <span class='ocrx_word' id='word_1_149' title='bbox 849 2839 1113 2936; x_wconf 86' lang='lat' dir='ltr'><strong>legem,</strong></span> <span class='ocrx_word' id='word_1_150' title='bbox 1159 2864 1346 2937; x_wconf 90' lang='lat' dir='ltr'><strong>quae</strong></span> <span class='ocrx_word' id='word_1_151' title='bbox 1391 2840 1691 2938; x_wconf 89' lang='lat' dir='ltr'><strong>quidem</strong></span> <span class='ocrx_word' id='word_1_152' title='bbox 1728 2854 1922 2914; x_wconf 88' lang='lat' dir='ltr'><strong>recte</strong></span> <span class='ocrx_word' id='word_1_153' title='bbox 1957 2840 2073 2913; x_wconf 82' lang='lat' dir='ltr'><strong>lex</strong></span> <span class='ocrx_word' id='word_1_154' title='bbox 2106 2839 2351 2941; x_wconf 86' lang='lat' dir='ltr'><strong>appel-</strong></span> 
     </span>
     <span class='ocr_line' id='line_1_21' title="bbox 391 2954 2353 3058; baseline -0.001 -27"><span class='ocrx_word' id='word_1_155' title='bbox 391 2958 531 3032; x_wconf 88' lang='lat' dir='ltr'><strong>lari</strong></span> <span class='ocrx_word' id='word_1_156' title='bbox 580 2962 829 3058; x_wconf 83' lang='lat' dir='ltr'><strong>possit,</strong></span> <span class='ocrx_word' id='word_1_157' title='bbox 893 2982 1044 3030; x_wconf 83' lang='lat' dir='ltr'><strong>esse</strong></span> <span class='ocrx_word' id='word_1_158' title='bbox 1097 2954 1562 3047; x_wconf 88' lang='lat' dir='ltr'><strong>laudabilem,</strong></span> <span class='ocrx_word' id='word_1_159' title='bbox 1614 2956 2046 3053; x_wconf 88' lang='lat' dir='ltr'><strong>quibusdam</strong></span> <span class='ocrx_word' id='word_1_160' title='bbox 2088 2955 2353 3029; x_wconf 88' lang='lat' dir='ltr'><strong>talibus</strong></span> 
     </span>
     <span class='ocr_line' id='line_1_22' title="bbox 387 3074 2351 3177; baseline -0.004 -24"><span class='ocrx_word' id='word_1_161' title='bbox 387 3082 833 3177; x_wconf 82' lang='lat' dir='ltr'><strong>argumentis</strong></span> <span class='ocrx_word' id='word_1_162' title='bbox 871 3077 1156 3150; x_wconf 87' lang='lat' dir='ltr'><strong>docent.</strong></span> <span class='ocrx_word' id='word_1_163' title='bbox 1228 3080 1525 3150; x_wconf 88' lang='lat' dir='ltr'><strong>Constat</strong></span> <span class='ocrx_word' id='word_1_164' title='bbox 1558 3074 1889 3177; x_wconf 86' lang='lat' dir='ltr'><strong>profecto</strong></span> <span class='ocrx_word' id='word_1_165' title='bbox 1927 3076 2016 3149; x_wconf 90' lang='lat' dir='ltr'><strong>ad</strong></span> <span class='ocrx_word' id='word_1_166' title='bbox 2048 3077 2351 3150; x_wconf 89' lang='lat' dir='ltr'><strong>salutem</strong></span> 
     </span>
     <span class='ocr_line' id='line_1_23' title="bbox 391 3194 2354 3294; baseline -0.003 -23"><span class='ocrx_word' id='word_1_167' title='bbox 391 3203 659 3271; x_wconf 84' lang='lat' dir='ltr'><strong>civium</strong></span> <span class='ocrx_word' id='word_1_168' title='bbox 693 3202 1209 3294; x_wconf 87' lang='lat' dir='ltr'><strong>civitatumque</strong></span> <span class='ocrx_word' id='word_1_169' title='bbox 1234 3197 1806 3269; x_wconf 87' lang='lat' dir='ltr'><strong>incolumitatem</strong></span> <span class='ocrx_word' id='word_1_170' title='bbox 1831 3200 2198 3293; x_wconf 87' lang='lat' dir='ltr'><strong>vitamque</strong></span> <span class='ocrx_word' id='word_1_171' title='bbox 2223 3194 2354 3267; x_wconf 88' lang='lat' dir='ltr'><strong>ho-</strong></span> 
     </span>
     <span class='ocr_line' id='line_1_24' title="bbox 396 3314 2353 3415; baseline -0.001 -24"><span class='ocrx_word' id='word_1_172' title='bbox 396 3322 679 3391; x_wconf 88' lang='lat' dir='ltr'><strong>minum</strong></span> <span class='ocrx_word' id='word_1_173' title='bbox 728 3320 1050 3415; x_wconf 81' lang='lat' dir='ltr'><strong>quietam</strong></span> <span class='ocrx_word' id='word_1_174' title='bbox 1100 3330 1173 3388; x_wconf 93' lang='lat' dir='ltr'><strong>et</strong></span> <span class='ocrx_word' id='word_1_175' title='bbox 1215 3314 1497 3389; x_wconf 89' lang='lat' dir='ltr'><strong>beatam</strong></span> <span class='ocrx_word' id='word_1_176' title='bbox 1557 3321 1882 3389; x_wconf 87' lang='lat' dir='ltr'><strong>inventas</strong></span> <span class='ocrx_word' id='word_1_177' title='bbox 1936 3341 2092 3389; x_wconf 89' lang='lat' dir='ltr'><strong>esse</strong></span> <span class='ocrx_word' id='word_1_178' title='bbox 2132 3316 2353 3415; x_wconf 79' lang='lat' dir='ltr'><strong>legeS,</strong></span> 
     </span>
     <span class='ocr_line' id='line_1_25' title="bbox 397 3436 2358 3536; baseline -0.001 -26"><span class='ocrx_word' id='word_1_179' title='bbox 397 3461 672 3536; x_wconf 88' lang='lat' dir='ltr'><strong>eosque</strong></span> <span class='ocrx_word' id='word_1_180' title='bbox 708 3441 838 3535; x_wconf 90' lang='lat' dir='ltr'><strong>qui</strong></span> <span class='ocrx_word' id='word_1_181' title='bbox 872 3441 1191 3536; x_wconf 92' lang='lat' dir='ltr'><strong>primum</strong></span> <span class='ocrx_word' id='word_1_182' title='bbox 1240 3436 1594 3508; x_wconf 90' lang='lat' dir='ltr'><strong>eiusmodi</strong></span> <span class='ocrx_word' id='word_1_183' title='bbox 1624 3441 1801 3511; x_wconf 87' lang='lat' dir='ltr'><strong>scita</strong></span> <span class='ocrx_word' id='word_1_184' title='bbox 1829 3440 2194 3509; x_wconf 87' lang='lat' dir='ltr'><strong>sanxerint</strong></span> <span class='ocrx_word' id='word_1_185' title='bbox 2240 3461 2358 3535; x_wconf 92' lang='lat' dir='ltr'><strong>po-</strong></span> 
     </span>
     <span class='ocr_line' id='line_1_26' title="bbox 398 3555 2355 3655; baseline 0 -28"><span class='ocrx_word' id='word_1_186' title='bbox 398 3555 587 3654; x_wconf 88' lang='lat' dir='ltr'><strong>pulis</strong></span> <span class='ocrx_word' id='word_1_187' title='bbox 642 3555 1040 3628; x_wconf 87' lang='lat' dir='ltr'><strong>ostendisse</strong></span> <span class='ocrx_word' id='word_1_188' title='bbox 1092 3580 1177 3629; x_wconf 89' lang='lat' dir='ltr'><strong>ea</strong></span> <span class='ocrx_word' id='word_1_189' title='bbox 1226 3581 1301 3628; x_wconf 92' lang='lat' dir='ltr'><strong>se</strong></span> <span class='ocrx_word' id='word_1_190' title='bbox 1353 3560 1749 3655; x_wconf 89' lang='lat' dir='ltr'><strong>scripturos</strong></span> <span class='ocrx_word' id='word_1_191' title='bbox 1800 3570 2019 3653; x_wconf 92' lang='lat' dir='ltr'><strong>atque</strong></span> <span class='ocrx_word' id='word_1_192' title='bbox 2050 3555 2355 3645; x_wconf 78' lang='lat' dir='ltr'><strong>laturoS,</strong></span> 
     </span>
     <span class='ocr_line' id='line_1_27' title="bbox 403 3673 2358 3776; baseline 0.001 -28"><span class='ocrx_word' id='word_1_193' title='bbox 403 3677 674 3773; x_wconf 87' lang='lat' dir='ltr'><strong>quibus</strong></span> <span class='ocrx_word' id='word_1_194' title='bbox 717 3676 822 3747; x_wconf 92' lang='lat' dir='ltr'>illi</span> <span class='ocrx_word' id='word_1_195' title='bbox 851 3676 1227 3776; x_wconf 87' lang='lat' dir='ltr'><strong>adscriptis</strong></span> <span class='ocrx_word' id='word_1_196' title='bbox 1251 3685 1277 3724; x_wconf 79' lang='lat'>⁸</span> <span class='ocrx_word' id='word_1_197' title='bbox 1316 3680 1815 3775; x_wconf 89' lang='lat' dir='ltr'><strong>susceptisque</strong></span> <span class='ocrx_word' id='word_1_198' title='bbox 1850 3675 2153 3748; x_wconf 86' lang='lat' dir='ltr'><strong>honeste</strong></span> <span class='ocrx_word' id='word_1_199' title='bbox 2189 3673 2358 3749; x_wconf 89' lang='lat' dir='ltr'><strong>bea-</strong></span> 
     </span>
     <span class='ocr_line' id='line_1_28' title="bbox 402 3791 2360 3895; baseline 0.001 -29"><span class='ocrx_word' id='word_1_200' title='bbox 402 3810 624 3894; x_wconf 86' lang='lat' dir='ltr'><strong>teque</strong></span> <span class='ocrx_word' id='word_1_201' title='bbox 651 3791 1016 3888; x_wconf 72' lang='lat' dir='ltr'><strong>viverent&#39;,</strong></span> <span class='ocrx_word' id='word_1_202' title='bbox 1051 3821 1387 3895; x_wconf 89' lang='lat' dir='ltr'><strong>quaeque</strong></span> <span class='ocrx_word' id='word_1_203' title='bbox 1412 3802 1511 3870; x_wconf 89' lang='lat' dir='ltr'><strong>ita</strong></span> <span class='ocrx_word' id='word_1_204' title='bbox 1544 3798 1938 3895; x_wconf 89' lang='lat' dir='ltr'><strong>composita</strong></span> <span class='ocrx_word' id='word_1_205' title='bbox 1970 3808 2360 3892; x_wconf 75' lang='lat' dir='ltr'><strong>sanctaque</strong></span> 
     </span>
     <span class='ocr_line' id='line_1_29' title="bbox 404 3916 2360 4015; baseline -0.001 -28"><span class='ocrx_word' id='word_1_206' title='bbox 404 3930 670 4006; x_wconf 64' lang='lat' dir='ltr'><strong>essent,</strong></span> <span class='ocrx_word' id='word_1_207' title='bbox 706 3941 825 3988; x_wconf 88' lang='lat' dir='ltr'><strong>eas</strong></span> <span class='ocrx_word' id='word_1_208' title='bbox 855 3916 1047 4015; x_wconf 82' lang='lat' dir='ltr'><strong>leges</strong></span> <span class='ocrx_word' id='word_1_209' title='bbox 1084 3917 1417 3990; x_wconf 82' lang='lat' dir='ltr'><strong>videlicet</strong></span> <span class='ocrx_word' id='word_1_210' title='bbox 1453 3920 1907 3990; x_wconf 84' lang='lat' dir='ltr'><strong>nominarent</strong></span> <span class='ocrx_word' id='word_1_211' title='bbox 1934 3924 1983 3985; x_wconf 81' lang='lat'><strong>⁴.</strong></span> <span class='ocrx_word' id='word_1_212' title='bbox 2069 3919 2173 3985; x_wconf 86' lang='lat' dir='ltr'><strong>Ex</strong></span> <span class='ocrx_word' id='word_1_213' title='bbox 2205 3939 2360 4012; x_wconf 91' lang='lat' dir='ltr'><strong>quo</strong></span> 
     </span>
    </p>
   </div>
   <div class='ocr_carea' id='block_1_3' title="bbox 465 4182 2302 4251">
    <p class='ocr_par' dir='ltr' id='par_1_3' title="bbox 465 4182 2302 4251">
     <span class='ocr_line' id='line_1_30' title="bbox 465 4182 2302 4251; baseline -0.002 -16"><span class='ocrx_word' id='word_1_214' title='bbox 465 4188 479 4220; x_wconf 84' lang='lat'>⁸</span> <span class='ocrx_word' id='word_1_215' title='bbox 518 4183 836 4235; x_wconf 68' lang='lat' dir='ltr'><strong>scribuntur.</strong></span> <span class='ocrx_word' id='word_1_216' title='bbox 909 4185 934 4223; x_wconf 79' lang='lat'><strong>¹</strong></span> <span class='ocrx_word' id='word_1_217' title='bbox 971 4183 1192 4251; x_wconf 71' lang='lat' dir='ltr'><strong>perfect·</strong></span> <span class='ocrx_word' id='word_1_218' title='bbox 1215 4219 1232 4247; x_wconf 87' lang='lat'><strong>,</strong></span> <span class='ocrx_word' id='word_1_219' title='bbox 1270 4192 1347 4235; x_wconf 69' lang='lat' dir='ltr'><strong>est</strong></span> <span class='ocrx_word' id='word_1_220' title='bbox 1382 4184 1457 4234; x_wconf 79' lang='lat' dir='ltr'><strong>in.</strong></span> <span class='ocrx_word' id='word_1_221' title='bbox 1531 4186 1554 4222; x_wconf 81' lang='lat'>²</span> <span class='ocrx_word' id='word_1_222' title='bbox 1593 4182 1819 4235; x_wconf 64' lang='lat' dir='ltr'><strong>adscitis.</strong></span> <span class='ocrx_word' id='word_1_223' title='bbox 1891 4186 1913 4223; x_wconf 64' lang='grc' dir='ltr'>δ</span> <span class='ocrx_word' id='word_1_224' title='bbox 1949 4183 2302 4235; x_wconf 70' lang='lat' dir='ltr'><strong>nominarunt.</strong></span> 
     </span>
    </p>
   </div>
  </div>
 </body>
</html>
