3131 5032
1137 428 1277 497 Lux.
1321 429 1393 514 l,
1450 431 1558 515 14,
1606 432 1714 501 40.
2268 440 2395 507 389

436 660 564 721 que
616 637 846 718 expiari
906 656 1074 717 posse
1140 635 1362 699 delicta
1426 638 1735 698 nonnullis
1796 638 2179 720 cerimoniis3
2242 662 2399 721 quae

434 763 631 822 quum
681 739 1067 822 opinionibus
1112 739 1602 818 continerentur,
1657 742 1821 821 leges
1865 743 2017 822 ipsas
2032 788 2050 819 ,
2092 745 2256 804 unde
2286 745 2400 806 ista

438 845 774 922 fluxissent,
806 844 1103 924 opinionis
1130 863 1277 903 esse:
1309 851 1546 919 contra,
1576 863 1734 923 quae
1760 866 1901 906 vere
1924 867 2151 925 poenae
2176 856 2394 924 essent,

437 968 538 1008 eas
571 970 695 1009 esse
729 949 795 1008 in
820 956 1035 1007 natura
1063 946 1312 1025 positas,
1347 948 1700 1007 necessarias
1727 955 1787 1008 et
1813 948 2188 1010 inevitabiles
2197 974 2216 1028 3
2255 969 2401 1030 ergo

437 1050 533 1111 ius
562 1069 835 1130 quoque,
865 1048 1028 1129 quod
1062 1067 1206 1109 vere
1237 1048 1322 1107 sic
1357 1048 1646 1128 appellari
1681 1058 1910 1129 posset,
1951 1059 2201 1111 naturae
2238 1071 2362 1112 esse
2379 1098 2402 1130 ,

440 1153 604 1215 unde
643 1154 785 1215 illae
823 1171 1052 1232 poenae
1091 1159 1424 1212 manarent.

520 1259 654 1339 Ipsa
706 1258 889 1319 verba
906 1303 925 1333 ,
981 1275 1139 1335 quae
1186 1273 1262 1314 ex
1301 1255 1407 1315 illa
1440 1254 1843 1335 disputatione
1875 1265 2194 1339 supersunt
2208 1303 2226 1334 ,
2266 1276 2404 1318 cor-

440 1370 617 1441 rupta
664 1369 824 1422 sunt.
905 1359 1117 1437 Neque
1167 1357 1331 1416 enim
1376 1360 1446 1416 in
1499 1378 1615 1438 quo
1667 1362 1902 1441 expiari
1938 1370 2104 1421 recte
2142 1360 2404 1438 dicitur,

443 1486 556 1527 nec
592 1465 745 1545 quid
777 1465 896 1524 sint
930 1462 1098 1521 illiue
1130 1460 1462 1538 suffimenta
1489 1462 1752 1541 intelligi
1786 1470 1996 1542 potest.

522 1580 586 1627 at
618 1568 1069 1640 veroijoeleruvn
1098 1595 1182 1607 —
1207 1564 1372 1623 nulla
1409 1567 1673 1645 expiatio
1706 1563 1817 1646 eet)
1896 1566 2095 1640 Quum
2129 1567 2409 1628 universe

442 1672 742 1750 disputet,
785 1667 1038 1731 offendit
1069 1666 1354 1726 nonnihil
1388 1666 1626 1746 plurale
1660 1666 1726 1726 in
1760 1669 2066 1745 scelerum,
2109 1677 2171 1728 et
2206 1671 2412 1749 impie-

439 1784 628 1834 tatum
644 1819 663 1849 ,
720 1780 1143 1851 praeterquam
1207 1769 1373 1849 quod
1429 1772 1763 1851 impietates
1823 1779 1988 1831 certe
2039 1792 2411 1852 numquam,

438 1882 738 1955 quantum
778 1872 1067 1948 memini,
1106 1872 1223 1933 hoc
1257 1892 1514 1934 numero
1545 1874 1813 1951 ponitur.
1896 1873 2132 1935 Praesto
2164 1883 2249 1935 est
2285 1895 2414 1936 cor-

440 1977 629 2039 rectio
674 1996 712 2037 e
760 1975 1164 2035 deterioribus
1201 1975 1409 2051 libris,
1449 1974 1750 2056 siquidem
1791 1976 2031 2056 Lagom.
2065 1975 2145 2037 39
2179 1979 2416 2038 sceleris

441 2078 623 2140 habet
639 2126 658 2155 ,
715 2087 780 2139 et
834 2077 910 2138 10
961 2078 1291 2157 impietates
1342 2078 1384 2137 i.
1438 2097 1493 2138 e.
1545 2079 1892 2158 impietatis.
1975 2078 2072 2139 Sic
2113 2078 2271 2140 infra
2311 2079 2375 2139 11
2393 2127 2414 2158 ,

447 2180 547 2257 17,
590 2180 701 2259 43,
741 2181 978 2243 sceleris
1015 2190 1101 2239 eet
1129 2199 1363 2260 poena.-
1404 2178 1533 2239 rin.
1569 2180 1686 2257 IV,
1728 2179 1845 2257 24,
1887 2180 1969 2242 66
1986 2227 2007 2259 ,
2046 2183 2321 2262 impietae
2356 2190 2419 2243 et

443 2285 651 2345 scelus.
744 2284 895 2343 Tum
951 2282 1116 2362 quod
1172 2282 1461 2344 adiicitur
1512 2285 1580 2341 in
1636 2283 1897 2343 homines
1916 2331 1934 2360 ‚
1991 2304 2117 2345 non
2164 2285 2417 2364 quidem

442 2405 555 2466 per
603 2407 665 2446 se
709 2406 962 2465 pravum
1012 2394 1100 2446 est
1146 2385 1387 2467 (seelera
1420 2388 1492 2444 in
1514 2397 1748 2465 patrem
1762 2388 2104 2467 fratresque
2134 2387 2290 2447 dixit
2320 2388 2415 2449 Sa·

444 2489 659 2550 Iustius
711 2489 989 2569 Iugurth.
1044 2489 1286 2551 XXXIII
1297 2535 1316 2566 ‚
1358 2488 1426 2567 4,
1467 2496 1529 2550 et
1577 2488 1822 2550 Liviana
1857 2490 2133 2569 exempla
2174 2498 2316 2550 sunt
2348 2491 2416 2552 in

446 2593 920 2655 Drakenborcbii
971 2592 1358 2653 annotatione
1405 2592 1484 2651 ad
1519 2591 1549 2650 1
1568 2637 1587 2667 ,
1629 2590 1740 2668 32,
1783 2589 1880 2672 92)
1918 2592 2023 2651 sed
2055 2593 2273 2653 merito
2308 2612 2419 2653 ex-

444 2701 860 2781 spectabamus
904 2708 973 2760 ut
1017 2702 1088 2758 in
1130 2701 1263 2759 deos
1296 2698 1623 2759 adderetur
1640 2743 1658 2774 ,
1700 2717 1815 2758 nec
1849 2699 1959 2759 soli
1991 2700 2253 2760 homines
2282 2721 2419 2761 me-

446 2812 848 2864 morarentur.
932 2802 1148 2864 Contra
1177 2822 1529 2882 persuasum
1562 2801 1716 2862 mihi
1751 2808 1838 2861 est
1871 2802 2029 2861 nihil
2061 2822 2096 2861 a
2131 2803 2419 2864 Cicerone

447 2906 744 2967 eiusmodi
791 2905 974 2966 fuisse
1024 2905 1357 2981 adiectum,
1411 2905 1520 2985 qui
1569 2905 1756 2964 scelus
1799 2924 1905 2965 sua
1945 2904 2296 2967 definitione
2328 2908 2417 2965 in·

448 3009 683 3088 telligat
733 3016 797 3069 et
841 3028 952 3088 per
1003 3028 1066 3068 se
1121 3016 1383 3089 spectet,
1436 3027 1560 3067 non
1612 3008 1844 3067 ratione
1897 3028 2108 3069 eorum
2153 3009 2232 3068 ad
2264 3029 2415 3089 quos

445 3112 763 3193 pertineat.
843 3112 1120 3191 Suspicor
1174 3111 1506 3192 antiquitus
1560 3110 1789 3171 lectum
1841 3109 2023 3171 fuisse
2069 3113 2139 3169 in
2175 3114 2415 3173 animis.

445 3215 615 3276 Infra
648 3215 708 3274 ΙΙ
727 3261 747 3292 ,
791 3213 892 3291 10,
939 3214 1019 3274 24
1038 3261 1056 3292 ,
1098 3217 1294 3275 animi
1319 3216 1475 3274 labes
1506 3212 1735 3273 dicitur
1764 3213 1953 3273 nullis
1979 3213 2258 3274 amnibus
2290 3214 2417 3275 elui

444 3339 648 3399 posse:
688 3319 854 3379 Tusc.
891 3318 1026 3395 111,
1066 3318 1142 3396 6,
1187 3318 1300 3395 12,
1343 3319 1686 3377 immanitas
1724 3318 1795 3375 in
1835 3319 2056 3378 anime.

524 3425 728 3503 itaque
761 3443 987 3502 poenae
1022 3421 1217 3503 luunt)
1296 3421 1589 3482 Notabilis
1628 3420 1882 3480 subiecti
1913 3421 2202 3497 mutatio,
2240 3429 2310 3480 ut
2344 3439 2420 3482 ex

447 3526 654 3586 scelere
689 3537 745 3585 ei
783 3527 1083 3607 inwietate
1119 3525 1459 3604 cogitentur
1490 3525 1575 3600 ii,
1616 3524 1726 3604 qui
1761 3524 1866 3584 illa
1902 3524 2246 3585 admittunt.

532 3627 701 3686 bodie
735 3629 1132 3711 multifariam
1164 3629 1331 3688 nulla
1365 3625 1529 3708 eum)
1608 3628 2013 3709 Multifari'am
2048 3628 2091 3689 i.
2122 3647 2176 3689 e.
2211 3627 2419 3688 multis

447 3729 599 3788 locis
615 3772 636 3803 ,
691 3737 761 3790 ut
807 3716 969 3790 bene
1019 3732 1361 3792 Torrentius
1393 3730 1654 3809 explicat
1691 3728 1771 3791 ad
1802 3729 2042 3791 Sueton.
2081 3730 2268 3809 Calig.
2308 3729 2418 3806 18,

453 3840 516 3892 et
561 3832 873 3894 Turnebus
915 3832 993 3893 ad
1028 3834 1092 3893 h.
1126 3834 1169 3894 1.
1200 3834 1332 3916 (qui
1379 3853 1695 3917 perperam
1731 3832 2188 3913 praecedentia,
2229 3853 2421 3912 quon-

448 3935 586 3995 dam
608 3956 899 4016 nmquam
928 3948 1123 4012 eram,
1160 3935 1238 3996 de
1263 3937 1372 3998 illo
1400 3945 1671 4015 tempore
1695 3935 1940 4015 accipit,
1977 3954 2170 4015 quum
2196 3934 2419 3994 Romae

448 4039 621 4100 nulla
652 4039 897 4119 publica
929 4038 1157 4100 iudicia
1202 4037 1438 4120 essent.)
1487 4040 1673 4100 Nulla
1705 4061 1825 4099 esee
1863 4039 2098 4098 iudicia
2129 4035 2424 4114 significat

450 4142 746 4206 sublatam
777 4165 904 4206 csse
931 4144 1310 4208 severitatem
1337 4153 1398 4205 et
1424 4145 1783 4222 religionem
1809 4141 2198 4203 iudiciorum.
2255 4139 2422 4202 Verr.
