3131 5032
1399 443 1526 515 141

444 660 498 695 re
525 654 869 712 congruentes
898 644 986 697 47.
1021 646 1109 699 48.
1147 644 1265 698 120.
1299 645 1418 701 122.

506 733 627 786 124.
661 734 783 786 126.
808 733 930 788 127.
966 735 1031 788 V.

431 835 774 894 congruentes
798 843 895 896 per
922 828 1008 879 39.

430 927 748 985 congruente
774 933 830 968 re
860 925 903 981 β

430 1009 738 1076 congruenti
770 1028 827 1074 r·

429 1100 766 1166 congruentis
795 1098 854 1151 R.

429 1188 657 1241 dicendo
687 1188 749 1241 R.

430 1280 707 1350 paululum
737 1279 781 1332 D
807 1282 893 1334 48.
926 1283 1012 1335 96.

428 1370 738 1424 differendis
765 1372 829 1426 t.

430 1462 724 1515 differentis
753 1463 840 1516 11.
867 1464 956 1517 58.
993 1464 1077 1517 65.

430 1553 745 1606 disserentes
777 1554 864 1606 10.

431 1662 525 1697 seu
554 1645 750 1698 Zenoni
773 1645 838 1698 D.

434 1738 658 1789 Zenonis
690 1735 755 1790 C.

428 1829 642 1881 Zenone
672 1829 843 1880 visum
873 1839 926 1881 et
952 1829 1103 1882 rebus
1135 1831 1197 1883 E.

429 1921 602 1971 visum
633 1931 712 1971 est
741 1938 807 1972 ex
831 1921 987 1974 rebus
1014 1941 1049 1988 r
1081 1922 1201 1976 127.
1231 1921 1298 1975 V.

428 2011 602 2064 visum
628 2027 697 2063 ex
724 2011 882 2064 rebus
910 2013 996 2065 10.

428 2104 824 2156 communicetis
855 2104 901 2156 A
937 2104 1021 2155 11.
1050 2104 1136 2156 65.

428 2205 818 2297 communitatis
848 2243 887 2297 B
918 2246 981 2299 Ε.

429 2396 760 2439 mutaverunt
791 2386 856 2439 D.

433 2487 880 2532 commutaverunt
906 2481 950 2542 β
983 2496 1010 2529 e
1042 2477 1128 2531 39.
1151 2478 1239 2532 58.
1253 2480 1341 2533 96.
1358 2479 1423 2535 Β.

433 2571 542 2622 sive
572 2580 626 2622 et
656 2570 909 2622 Aristonis
937 2569 1003 2621 V.

432 2662 526 2714 sed
556 2664 670 2714 uim
698 2672 873 2713 temen
900 2661 958 2713 Β.

433 2753 527 2805 sed
556 2763 728 2805 tamen
758 2753 861 2804 ism
891 2752 934 2805 D
966 2758 1010 2817 β
1040 2771 1089 2803 ε.

436 2845 541 2895 ism
568 2855 681 2895 tum
713 2844 796 2895 10.

437 2934 620 2985 fectum
647 2934 735 2990 39.

430 3026 738 3078 confractam
767 3026 888 3077 120.

431 3119 759 3170 convincam
787 3117 853 3169 Ι).

432 3211 596 3261 securi
628 3219 748 3260 sunt
777 3208 864 3260 58.

433 3301 620 3353 secutis
651 3298 822 3369 (sunt)
858 3298 943 3351 65.

434 3400 486 3443 et
515 3391 791 3443 virtutibus
822 3389 886 3444 Ι).

431 3483 634 3534 virtutis
668 3481 732 3534 Ι.

433 3577 660 3642 expertis
682 3574 772 3625 10.

434 3673 586 3732 etque
613 3665 751 3716 inter
775 3673 942 3716 cetera
966 3663 1053 3717 58.
1270 3715 1282 3729 ,

432 3753 686 3823 equaliter
708 3755 798 3807 96.

431 3844 480 3894 is
509 3844 755 3896 omnibus
787 3844 833 3896 A
859 3844 947 3897 11.

430 3934 500 3985 iis
524 3933 771 3985 omnibus
798 3934 837 3985 Β
867 3935 954 3989 65.

427 4022 536 4077 hiis
564 4024 810 4077 omnibus
840 4024 902 4077 t.

426 4115 545 4168 aliis
577 4118 824 4170 omnibus
853 4117 941 4170 10.

429 4207 609 4275 (haec)
645 4207 709 4262 C.

1476 658 1580 694 quae
1604 650 1770 697 probata
1794 660 1886 693 suut

1476 698 1590 751 dixi
1614 700 1704 753 39.

1477 790 1824 858 probabantur
1851 812 1906 847 α.

1476 881 1760 950 probentur
1787 885 1908 938 124.
1931 885 2050 939 126.

1897 1051 2053 1118 539.

1483 1206 1559 1275 (et
1591 1211 1789 1279 corpori
1819 1210 2191 1281 deservientes)
2221 1213 2286 1267 Ι).

1479 1311 1758 1369 sequentur
1785 1321 1818 1366 y
1848 1304 1935 1354 39.
2294 1351 2300 1359 .

1478 1389 1744 1444 doloribus
1778 1403 1830 1444 ct
1862 1393 2207 1464 voluptatibus
2238 1403 2282 1460 β
2317 1417 2364 1449 ε.

1480 1492 1557 1533 est
1585 1499 1713 1551 opus
1741 1483 1829 1534 96.
2114 1465 2121 1476 ’

1479 1589 1609 1641 opus
1648 1584 1727 1625 est
1763 1576 1906 1626 enim
1939 1576 1996 1626 in
2027 1574 2126 1628 hoo
2154 1575 2349 1629 diceret
2377 1579 2464 1633 39.

1479 1674 1633 1732 utque
1659 1666 1814 1716 etiam
1844 1670 1917 1720 116
1943 1683 2099 1718 omne
2127 1670 2366 1722 societate
2403 1670 2468 1723 C.

1479 1754 1543 1806 eb
1573 1754 1807 1809 hominis
1842 1758 2078 1811 societate
2109 1758 2194 1810 65.

1477 1847 1657 1912 quovis
1684 1858 1882 1916 portem
1910 1848 1953 1899 1)
1987 1849 2072 1900 96.

1476 1946 1669 1987 norunt
1696 1938 1895 1989 nullam
1926 1938 1989 1991 E.

1478 2026 1626 2078 illem
1656 2025 1699 2080 C
1731 2028 1852 2080 124.
1879 2030 2000 2081 126.

1479 2136 1578 2172 nec
1606 2137 1836 2188 unquam
1867 2139 1901 2186 y
1932 2122 2325 2176 10.39.4⁷.48.
2344 2125 2462 2177 120.

1549 2208 1673 2262 122.
1705 2210 1826 2264 124.
1860 2212 1979 2266 126.
2011 2214 2125 2268 127.
2155 2214 2224 2268 V.

1481 2281 1654 2368 neque
1684 2299 1847 2351 ullam
1878 2302 1942 2354 C.

1480 2406 1690 2441 noscere
1708 2391 1804 2458 ν10.
1827 2391 1918 2445 39.

1480 2497 1632 2533 nosse
1660 2497 1893 2551 unquam
1921 2502 1969 2536 ε.

1480 2570 1753 2626 valuerunt
1783 2574 1868 2625 10.

1482 2663 1695 2715 facesset
1723 2675 1780 2716 ut
1809 2683 2050 2735 rogemus
2083 2668 2129 2720 A
2160 2667 2218 2722 B.
2249 2670 2336 2723 11.

1484 2753 1549 2805 fit
1576 2764 1739 2806 cesset
1765 2766 1821 2807 ut
1850 2775 2092 2826 rogemus
2121 2760 2184 2813 E.

1481 2853 1541 2895 ut
1568 2862 1808 2914 rogemus
1833 2868 1866 2912 y
1898 2849 1987 2901 10.

1481 2935 1923 3004 perturb-tionem
1949 2944 1993 3002 β
2009 2959 2058 3005 ιγ
2091 2940 2176 2992 10.

1480 3026 1667 3079 herum
1697 3041 1871 3083 autem
1902 3039 1967 3097 β.

1485 3117 1711 3188 (sutem)
1746 3121 1831 3173 10.

1484 3208 1722 3279 (herum)
1757 3211 1818 3263 R.

1481 3316 1762 3353 exus-emus
1791 3304 1876 3354 48.

1480 3390 1670 3443 sileant
1698 3392 1744 3444 A
1772 3393 1810 3443 B
1839 3393 1879 3444 E
1909 3394 1992 3446 11.
2020 3396 2106 3450 65.

1480 3484 1764 3535 invaserint
1797 3484 1860 3536 Ε.

1479 3556 1726 3626 firi-mm
1745 3592 1781 3623 α
1800 3574 1998 3643 (marg.
2016 3559 2089 3632 ὁὶ.
2116 3579 2370 3653 ὶωοῆι).

1482 3673 1700 3738 ‘devastat‘

1480 3734 1728 3776 invaserit
1758 3742 1805 3777 ε.

1479 3844 1538 3894 in
1563 3841 1661 3895 hec
1689 3861 1791 3913 qus
1820 3846 1939 3897 satis
1964 3846 2029 3899 E.

1480 3934 1537 3985 in
1564 3934 1660 3986 hes
1693 3933 1735 3988 C
1770 3954 1806 3985 α
1839 3938 1878 3987 δ
1912 3936 2033 3989 120.
2062 3937 2180 3991 126.
2210 3938 2274 3992 V.

1483 4024 1656 4095 (satis)
1681 4026 1780 4080 ’39.

1479 4120 1601 4170 setis
1626 4120 1730 4171 cito
1760 4120 1806 4171 Δ
1834 4117 1875 4170 Β
1902 4119 1989 4171 10.
2017 4120 2103 4172 11.
2131 4121 2217 4174 65.

1477 4210 1603 4263 scito
1633 4210 1676 4262 1)
1705 4215 1750 4275 β
1782 4229 1817 4275 r
1845 4210 1931 4262 39.
1961 4210 2045 4262 36.
