3131 5032
1644 479 1777 549 196

684 683 753 737 de
798 699 1023 751 quocum
1065 700 1168 752 que
1202 685 1530 736 consulerent
1560 685 1608 736 A
1637 682 1677 735 Β

762 771 805 827 O
836 775 899 827 Ε.

694 864 908 933 (quum)
942 865 1030 918 10.

693 953 827 1024 (quo
867 973 1028 1024 quum
1066 982 1128 996 -
1162 957 1439 1024 maiorum)
1477 972 1582 1025 que
1613 955 1677 1008 E.

695 1046 908 1098 interim
937 1048 1199 1099 venissent
1224 1048 1345 1099 127.
1375 1048 1441 1099 V.

692 1138 921 1188 venisset
955 1137 1040 1190 10.

690 1229 1042 1298 maioremque
1073 1230 1135 1282 lt.

692 1321 945 1371 maiorum
978 1320 1132 1392 (que)
1166 1322 1252 1374 39.

691 1421 910 1463 mortem
942 1412 1005 1465 E.

692 1502 911 1553 dixisset
936 1503 1022 1554 10.

694 1594 1017 1661 quaesissent
1050 1591 1206 1662 (que)
1239 1592 1302 1645 D.

694 1684 1168 1752 quaesivissentque
1214 1702 1250 1732 α
1294 1688 1338 1747 β
1384 1702 1419 1748 r
1462 1684 1550 1737 10.
1590 1685 1679 1737 39.

761 1773 848 1825 47.
873 1774 961 1825 48.
991 1774 1110 1826 120.
1138 1775 1259 1826 122.
1294 1775 1415 1828 127.
1445 1775 1512 1827 V.

691 1864 1005 1933 (respondit)
1045 1863 1109 1918 C.

684 1957 882 2025 optime
917 1956 1006 2007 39.

688 2046 812 2115 (its)
845 2049 933 2098 58.

684 2136 740 2187 id
768 2135 833 2187 sd
860 2135 1161 2187 hebendum
1196 2136 1259 2189 Ι).

682 2226 1038 2278 adhibendum
1063 2227 1152 2278 10.

682 2327 735 2370 et
761 2334 824 2369 eo
853 2319 1150 2387 proximum
1181 2318 1225 2370 A
1255 2318 1294 2371 Β
1326 2318 1370 2371 C
1402 2322 1458 2373 R.

682 2408 746 2459 sd
775 2426 964 2478 peuces
994 2417 1035 2472 β
1071 2411 1157 2463 48.
1191 2410 1314 2463 124.
1339 2412 1461 2463 126.

674 2502 880 2571 propria
916 2500 1001 2554 10.

678 2594 883 2663 propris
912 2610 1059 2645 mese
1089 2594 1265 2646 metris
1295 2592 1338 2646 C
1370 2593 1410 2644 E
1441 2612 1496 2659 y.

679 2685 969 2752 excipimus
1004 2685 1089 2736 65.

680 2776 1101 2845 superstitionem
1134 2774 1174 2826 Ε
1205 2774 1267 2828 Β.

677 2868 876 2918 enimes
907 2866 988 2919 10.

681 2958 881 3010 exaurit
901 2955 964 3011 C.

678 3049 850 3100 haurit
877 3050 966 3102 96.

676 3140 847 3192 exurit
884 3139 947 3190 E.

679 3230 866 3281 domus
912 3229 959 3280 A
1005 3225 1049 3280 C
1096 3227 1136 3280 B
1180 3234 1223 3291 β
1266 3248 1302 3293 y
1342 3230 1429 3283 11.
1457 3230 1543 3282 39.
1579 3229 1666 3282 58.

750 3320 838 3372 96.
872 3317 994 3369 127.
1025 3317 1090 3369 V.

683 3407 951 3475 sacrilegio
986 3408 1028 3459 1)
1065 3409 1154 3460 58.

681 3499 837 3570 plens
863 3508 941 3549 est
975 3498 1036 3549 E.

684 3606 856 3658 neque
889 3590 1034 3641 enim
1066 3590 1162 3641 soli
1191 3592 1242 3642 ei
1272 3609 1307 3641 α
1337 3594 1424 3645 10.

687 3682 737 3734 ei
807 3679 906 3732 soli
984 3681 1029 3733 A
1105 3680 1670 3750 Bcnssrd

755 3773 980 3838 Lagom.
1010 3788 1182 3823 omnes
1216 3772 1260 3823 R
1291 3773 1358 3827 V.

684 3866 779 3933 qui
797 3882 863 3917 ex
878 3881 1016 3916 sacro
1032 3882 1229 3917 sacrum
1248 3865 1514 3919 abstulerit
1530 3886 1565 3918 α
1582 3870 1669 3923 10.

686 3959 779 4023 qui
829 3975 859 4008 e
909 3975 1047 4010 suero
1105 3956 1371 4010 abstulerit
1419 3961 1508 4014 39.
1550 3960 1670 4016 120.

755 4047 877 4099 127.
908 4048 971 4099 V.

689 4156 887 4190 ssorum
937 4140 1353 4196 commendatum
1392 4141 1435 4196 A
1471 4142 1510 4195 B
1547 4143 1591 4196 C
1629 4145 1667 4198 E

757 4229 797 4277 δ’
825 4230 910 4282 11.

1739 698 1937 734 suerum
1972 683 2346 736 commendetis
2383 685 2468 736 65.

1741 771 1843 841 (et)
1877 772 1962 823 10.

1737 862 1916 915 multis
1948 880 2084 914 nune
2116 864 2203 916 96.

1736 953 1960 1005 multum
1987 954 2074 1005 10.
2104 955 2194 1007 39.
2283 1019 2286 1024 .

1736 1044 1960 1097 multum
1991 1047 2056 1096 sit
2081 1063 2137 1109 r.

1738 1136 1950 1187 infamis
1979 1136 2067 1187 10.
2100 1136 2189 1187 39.

1741 1224 1851 1295 (in)
1884 1225 1926 1280 C
1962 1228 2001 1277 δ
2028 1226 2151 1280 120.

2155 1361 2190 1430 §
2221 1363 2308 1416 41.

1740 1497 2061 1568 deposuisset
2089 1496 2136 1550 A
2168 1497 2207 1550 Β
2237 1496 2281 1551 C
2312 1498 2376 1552 B.

1739 1588 1878 1658 apud
1905 1588 2082 1640 solesit
2112 1591 2170 1640 in
2198 1589 2418 1642 delubro
2447 1592 2509 1644 A.

1736 1678 1873 1747 apud
1906 1660 2084 1732 solesit
2113 1680 2152 1731 Β
2185 1679 2250 1733 C.

1736 1767 1871 1837 apud
1902 1769 2067 1821 solem
2102 1771 2169 1821 sit
2204 1771 2268 1823 Ε.

1715 1860 1872 1930 ’apud
1911 1859 2076 1913 solem
2107 1861 2148 1914 l)
2183 1880 2218 1912 α
2248 1869 2292 1925 β
2326 1882 2352 1914 ε
2386 1864 2470 1917 11.
2513 1865 2601 1918 47.
2635 1866 2728 1919 48.

1803 1951 1890 2001 58.
1920 1952 2007 2002 65.
2037 1953 2123 2004 96.
2155 1952 2274 2005 120.
2307 1953 2429 2007 127.
2462 1954 2507 2006 R
2537 1954 2605 2007 V.

1735 2032 1870 2110 spu'd
1904 2040 2094 2112 solesyt
2122 2060 2178 2106 r.

1732 2131 2075 2201 apsolessitim
2101 2135 2190 2187 39.

1732 2223 1869 2292 spud
1902 2224 2037 2276 solos
2066 2224 2126 2277 δ.

1689 2333 1694 2340 ⁴
1733 2315 1815 2381 (et
1838 2342 1908 2355 —
1939 2316 2168 2387 Samiae)
2204 2318 2293 2370 10.

1734 2405 1838 2475 (et)
1871 2406 1913 2458 Ι)
1949 2408 1989 2459 E
2021 2408 2142 2464 124.
2174 2410 2294 2462 126.
2367 2411 2375 2418 ’

1729 2498 1878 2550 euius
1906 2502 2148 2569 egregius
2183 2499 2268 2555 10.
2288 2501 2385 2555 58.

1730 2589 1999 2641 timeretur
2028 2593 2112 2643 10.

1727 2680 1865 2732 dotis
1890 2699 1924 2745 r
1958 2682 2045 2735 1⁰.
2072 2684 2162 2737 39.

1727 2771 1937 2824 tradidit
1961 2791 2016 2837 r.

1726 2863 1952 2916 ereditur
1980 2865 2068 2920 10.

1727 2954 1855 3007 dese
1886 2955 2108 3007 credidit
2136 2956 2224 3007 98.

1729 3047 1819 3099 sed
1856 3049 2012 3099 etiem
2042 3049 2101 3101 Β.

1726 3140 1951 3210 periuris
1979 3141 2067 3192 47.
2092 3139 2212 3193 120.
2242 3141 2365 3195 122.

1728 3233 1940 3284 incestis
1982 3231 2024 3283 D
2072 3252 2108 3283 α
2136 3238 2179 3294 ,8
2210 3251 2237 3283 ε
2280 3233 2369 3287 47.
2397 3234 2484 3288 48.
2510 3234 2602 3287 58.
2628 3235 2717 3288 96.

1797 3323 1919 3375 122.
1955 3324 2017 3376 Β.

1730 3415 1927 3466 incestu
1965 3414 2049 3466 10.
2145 3406 2150 3411 ’

1728 3507 1884 3559 donis
1928 3508 2143 3574 impune
2179 3507 2381 3576 plaeere
2415 3508 2622 3560 audiant
2653 3508 2721 3562 Ο.

1729 3598 1946 3650 demum
1975 3599 2137 3669 inpiis
2164 3600 2252 3651 10.

1731 3691 1939 3759 imperii
1969 3709 2019 3741 ε.

1731 3780 1932 3850 plaeere
1961 3782 2023 3834 Ε.

1731 3873 1928 3943 placare
1980 3875 2197 3942 quidem
2240 3874 2464 3928 audeant
2504 3893 2541 3928 α
2567 3895 2601 3941 r
2636 3876 2721 3929 10.

1798 3966 1888 4017 39.
1917 3965 2039 4018 120.
2071 3966 2189 4019 127.
2219 3965 2286 4020 V.

1734 4055 2006 4124 (audeant)
2042 4055 2107 4109 D.

1731 4147 1931 4199 Platoni
1964 4147 2031 4199 V.

1733 4248 1900 4291 vetent
1932 4236 1994 4290 C.
