3131 5032
1070 482 1210 549 Lm.
1258 482 1394 566 111,
1441 487 1516 567 9,
1574 486 1678 551 19.
2237 487 2363 555 609

404 689 591 767 posita
643 688 866 748 lineola
916 685 1079 769 (que)
1126 693 1328 747 ortum
1379 694 1501 746 est:
1563 692 1633 745 et·
1671 685 1861 746 scelus
1908 687 2072 747 edem
2119 697 2208 748 eet
2256 705 2370 768 pro

403 790 563 850 Sext.
605 789 705 851 27.
756 789 893 849 init.
974 788 1286 862 Ceterum,
1330 786 1623 866 loquendi
1668 787 1956 865 sormam,
1996 798 2068 850 ut
2106 790 2373 852 interro-

404 890 567 970 gotio
592 898 850 951 assumat
880 889 1145 969 negandi
1173 888 1562 968 particulam,
1592 889 1751 977 bene
1776 890 2026 969 exponit
2045 890 2376 970 Madvigius

407 992 490 1052 ad
530 993 660 1054 Fin.
694 992 775 1068 V,
816 991 931 1068 22,
973 991 1073 1054 61.
1107 1010 1169 1070 p.
1207 991 1356 1068 7233
1408 992 1519 1070 qui
1553 999 1757 1051 tamen
1801 992 1970 1052 hunc
2012 993 2219 1053 locum
2251 992 2375 1053 du-

305 1183 311 1189 *
409 1094 704 1155 bitatione
734 1115 858 1156 non
887 1113 1099 1155 carere
1138 1093 1309 1155 dicit.
1389 1095 1522 1154 Non
1549 1102 1754 1155 tamen
1792 1094 2200 1156 dubitandum
2225 1105 2376 1175 puto

408 1199 561 1278 quin
592 1197 711 1258 hoc
746 1197 1009 1258 noluerit
1041 1198 1334 1273 Quintus,
1374 1198 1578 1257 omnia
1623 1216 1846 1275 genera
1879 1198 2175 1259 scelerum
2209 1199 2377 1260 edita

408 1319 535 1360 esee
576 1319 614 1360 a
659 1300 1007 1360 tribunatu:
1052 1299 1119 1360 in
1150 1298 1485 1378 primisque
1517 1298 1759 1377 negatio
1795 1301 2133 1379 requiritur
2149 1347 2168 1377 ,
2208 1300 2379 1380 quod

407 1401 652 1462 nullum
692 1402 1134 1461 substantivum
1169 1401 1418 1479 ponitur
1456 1401 1520 1459 in
1557 1402 2050 1479 interrogatione.
2128 1401 2279 1463 Ideo
2311 1404 2380 1463 in

412 1503 827 1566 admirationi·
883 1504 1318 1564 exclamatione
1375 1510 1440 1562 et
1492 1503 1678 1581 ipsius
1724 1504 1854 1578 rei,
1911 1522 2072 1582 quae
2126 1504 2385 1566 admira·

411 1606 640 1667 tionem
688 1613 917 1682 movet,
973 1625 1199 1666 nomen
1231 1604 1482 1684 ponitur
1499 1649 1518 1680 ‚
1561 1612 1623 1664 et
1658 1605 1904 1681 negatio
1936 1606 2271 1666 omittitur:
2314 1615 2390 1668 ut

412 1709 573 1770 infra
620 1710 662 1792 §
715 1710 834 1784 22,
890 1729 1039 1788 quaa
1089 1721 1314 1790 eto-agea
1366 1707 1595 1767 edidit!
1637 1714 1699 1766 et
1738 1726 1818 1766 ne
1852 1707 2104 1785 eogitari
2135 1708 2388 1787 quidem

415 1818 697 1892 poterant
745 1811 924 1889 plura
966 1828 1191 1887 genera
1233 1817 1521 1888 stragum.
1615 1808 1745 1870 Fin.
1789 1809 1887 1885 11,
1927 1810 2044 1887 28,
2084 1811 2199 1888 93,
2239 1833 2390 1892 quoe

412 1915 516 1974 iao
565 1948 646 1961 -
699 1915 1002 1974 crucium
1041 1913 1418 1992 perferebat!
1476 1911 1738 1989 gravitas
1787 1912 2169 1975 cruciatuum
2187 1959 2206 1989 ‚
2263 1933 2392 1976 non

412 2037 706 2078 numerus
736 2023 848 2077 aut
878 2034 1138 2094 genera,
1180 2014 1521 2074 exclamare
1554 2013 1727 2087 facit,
1770 2021 1832 2073 et
1863 2013 1942 2074 de
1977 2035 2102 2076 uno
2133 2035 2389 2094 genere,

414 2120 680 2199 eorpon’a
739 2117 1125 2178 cruciatuum
1143 2161 1162 2193 ,
1233 2134 1429 2176 sermo
1491 2124 1599 2176 est.
1705 2115 1997 2176 Similiter
2057 2117 2224 2179 Tuae.
2289 2118 2353 2177 11
2371 2162 2392 2196 ‚

416 2220 493 2297 8,
532 2221 651 2297 20,
708 2242 858 2301 quae
911 2221 1012 2280 hic
1064 2238 1233 2279 voces
1280 2219 1442 2300 apud
1478 2219 1823 2299 Sophoclem
1856 2251 1939 2263 —
1972 2220 2125 2280 edit!
2164 2239 2393 2301 nempe

418 2344 544 2385 una
593 2344 711 2384 vox
764 2322 1131 2399 intelligitur
1146 2366 1165 2396 ‚
1223 2341 1382 2400 quae
1440 2322 1626 2380 etiam
1683 2341 1760 2380 ex
1817 2329 1998 2400 poeta
2045 2326 2393 2401 apponitur.

420 2425 641 2485 Contra
677 2423 808 2484 Pin.
844 2424 937 2498 11,
984 2422 1065 2483 22
1077 2467 1095 2496 ,
1135 2421 1246 2496 73,
1287 2422 1444 2501 quod
1468 2421 1858 2496 adulterium,
1899 2424 2058 2501 quod
2091 2437 2389 2505 empnam,

418 2549 571 2608 qnae
615 2527 803 2587 libido
859 2545 982 2585 nou
1034 2547 1097 2585 ee
1140 2526 1431 2605 proripiet
1478 2526 1599 2585 -?
1644 2523 2013 2602 significatur
2057 2529 2259 2587 omnia
2291 2548 2394 2588 ex·

419 2631 679 2711 spectari
721 2648 912 2709 posue.
970 2627 1232 2707 Philipp.
1276 2628 1393 2702 xl,
1436 2629 1512 2700 6,
1557 2624 1653 2687 10.
1734 2626 1808 2686 Et
1841 2635 1964 2703 eat,
2006 2628 2116 2688 ubi
2148 2630 2392 2709 negatio

417 2733 568 2794 latet
614 2733 682 2793 in
726 2733 950 2806 verbo,
1008 2739 1079 2790 ut
1129 2729 1207 2789 ad
1256 2729 1388 2789 niv.
1440 2728 1556 2804 xl,
1616 2728 1732 2804 27,
1792 2728 1866 2805 4,
1918 2732 2076 2810 quod
2125 2731 2390 2810 officium

419 2847 590 2897 tuum
640 2835 879 2915 defuit?
932 2835 973 2896 i.
1021 2854 1076 2895 e.
1120 2841 1354 2911 praesto
1385 2852 1510 2892 non
1545 2831 1695 2915 suitq
1739 2839 1801 2892 et
1834 2852 1973 2893 mox
2006 2834 2050 2914 §
2082 2835 2198 2910 20,
2240 2838 2392 2915 quid

420 2940 579 2999 iuria
629 2939 803 2998 bouis
855 2939 1008 2996 viria
1070 2938 1163 2998 Ti.
1220 2936 1482 2997 Gracchi
1525 2936 1865 2995 tribunatu-5
1918 2937 2204 3016 reliquii?
2255 2941 2297 3000 i.
2332 2959 2390 3001 e.

419 3060 546 3101 non
574 3039 831 3100 ademit:
871 3039 1039 3119 quod
1072 3057 1267 3118 quum
1293 3056 1419 3097 non
1455 3035 1827 3114 intelligeret
1859 3037 2214 3115 Cremerae,
2256 3059 2392 3119 per·

417 3161 628 3222 peram
650 3186 668 3218 ,
727 3139 896 3219 apud
943 3139 1236 3200 lloeerum
1256 3184 1276 3214 ,
1332 3138 1451 3198 hoo
1502 3138 1852 3217 exemplum
1904 3158 2031 3199 esse
2078 3140 2392 3202 contendit

418 3245 671 3307 omissae
708 3243 1067 3322 negationis.

500 3350 611 3428 qui
639 3348 904 3428 primm
944 3342 1052 3425 ——)
1140 3344 1390 3404 Temere
1426 3351 1647 3423 putant
1686 3351 1814 3423 post
1854 3344 2008 3405 haec
2041 3344 2244 3407 omitti
2277 3347 2392 3408 ad-

420 3452 702 3511 verbium
737 3448 1049 3524 ordinale,
1092 3448 1336 3507 deinde.-
1369 3465 1507 3506 nam
1541 3448 1738 3525 ipsum
1766 3448 1924 3508 illud
1957 3450 2120 3528 quod
2151 3451 2394 3512 subiici.

425 3557 564 3626 tur,
603 3573 784 3630 quum
819 3552 1131 3632 offis-itaet
1161 3581 1241 3594 ——
1257 3593 1276 3624 ‚
1314 3546 1588 3607 excludit
1624 3546 1922 3608 eiusmodi
1954 3549 2332 3613 adverbium.

506 3662 575 3711 ut
647 3654 835 3732 impio
898 3653 1150 3734 &gnum
1191 3652 1329 3729 fuit
1390 3647 1498 3730 —)
1609 3650 2011 3711 Continuatur
2062 3654 2399 3717 similitudo

425 3754 605 3835 pueri
648 3755 978 3833 procreati,
1022 3753 1304 3833 luditque
1340 3753 1549 3813 Cicero
1586 3753 1648 3812 in
1687 3766 1931 3835 potrum
1961 3756 2393 3836 appellatione3

425 3857 475 3915 ai
508 3854 766 3934 quidem
799 3856 992 3934 pietas
1027 3854 1291 3914 maxime
1323 3874 1467 3932 erga
1500 3862 1781 3932 parentes
1817 3856 2194 3916 censebatur.

509 3959 710 4017 mia
728 4001 747 4032 ,
804 3958 1017 4037 infima
1065 3958 1346 4033 umis,
1397 3960 1581 4036 pario
1617 3956 1796 4037 fecit)
1872 3958 2007 4017 Non
2037 3966 2266 4018 temere
2298 3960 2396 4019 of·-

427 4060 626 4123 fendit
672 4059 943 4119 Davisius
1004 4059 1072 4118 in
1119 4058 1442 4119 verborum
1508 4058 1760 4120 ordine:
1815 4058 1921 4119 aed
1937 4104 1955 4133 ,
2006 4079 2157 4139 quas
2183 4062 2396 4123 suadet

423 4164 944 4244 transpositiones,
1001 4162 1206 4222 minus
1253 4162 1706 4222 Ciceronianam
1742 4161 2010 4222 reddunt
2043 4164 2398 4227 orationem.

2040 4265 2121 4326 39
