<?xml version="1.0" encoding="UTF-8"?>
<!DOCTYPE html PUBLIC "-//W3C//DTD XHTML 1.0 Transitional//EN"
    "http://www.w3.org/TR/xhtml1/DTD/xhtml1-transitional.dtd">
<html xmlns="http://www.w3.org/1999/xhtml" xml:lang="en" lang="en">
 <head>
  <title>
</title>
<meta http-equiv="Content-Type" content="text/html;charset=utf-8" />
  <meta name='ocr-system' content='tesseract 3.04.00' />
  <meta name='ocr-capabilities' content='ocr_page ocr_carea ocr_par ocr_line ocrx_word'/>
</head>
<body>
  <div class='ocr_page' id='page_1' title='image "./mtulliiciceroni02bakegoog_0066.png"; bbox 0 0 3131 5032; ppageno 0'>
   <div class='ocr_carea' id='block_1_1' title="bbox 2197 514 2366 559">
    <p class='ocr_par' dir='ltr' id='par_1_1' title="bbox 2197 514 2366 559">
     <span class='ocr_line' id='line_1_1' title="bbox 2197 514 2366 559; baseline 0 -2"><span class='ocrx_word' id='word_1_1' title='bbox 2197 514 2366 559; x_wconf 71' lang='lat' dir='ltr'><strong>XXXV</strong></span> 
     </span>
    </p>
   </div>
   <div class='ocr_carea' id='block_1_2' title="bbox 410 691 2442 4244">
    <p class='ocr_par' dir='ltr' id='par_1_2' title="bbox 410 691 2384 3128">
     <span class='ocr_line' id='line_1_2' title="bbox 416 691 2364 761; baseline 0 0"><span class='ocrx_word' id='word_1_2' title='bbox 416 692 854 761; x_wconf 76' lang='lat' dir='ltr'><em>»deteriorem</em></span> <span class='ocrx_word' id='word_1_3' title='bbox 914 691 1220 757; x_wconf 79' lang='lat' dir='ltr'><strong>allatura</strong></span> <span class='ocrx_word' id='word_1_4' title='bbox 1275 703 1370 758; x_wconf 75' lang='lat' dir='ltr'><strong>eet</strong></span> <span class='ocrx_word' id='word_1_5' title='bbox 1412 704 1692 760; x_wconf 68' lang='lat' dir='ltr'><strong>statum.</strong></span> <span class='ocrx_word' id='word_1_6' title='bbox 1797 692 1979 758; x_wconf 84' lang='lat' dir='ltr'><strong>Nam</strong></span> <span class='ocrx_word' id='word_1_7' title='bbox 2028 700 2178 759; x_wconf 74' lang='lat' dir='ltr'><strong>eine</strong></span> <span class='ocrx_word' id='word_1_8' title='bbox 2215 719 2364 761; x_wconf 82' lang='lat' dir='ltr'><strong>cor-</strong></span> 
     </span>
     <span class='ocr_line' id='line_1_3' title="bbox 411 805 2363 895; baseline 0.001 -23"><span class='ocrx_word' id='word_1_9' title='bbox 411 832 608 895; x_wconf 77' lang='lat' dir='ltr'><strong>»pm-e</strong></span> <span class='ocrx_word' id='word_1_10' title='bbox 640 809 880 872; x_wconf 77' lang='lat' dir='ltr'><strong>animo</strong></span> <span class='ocrx_word' id='word_1_11' title='bbox 910 809 1170 894; x_wconf 76' lang='lat' dir='ltr'><strong>vigente</strong></span> <span class='ocrx_word' id='word_1_12' title='bbox 1185 854 1203 884; x_wconf 92' lang='lat'>,</span> <span class='ocrx_word' id='word_1_13' title='bbox 1250 805 1486 870; x_wconf 76' lang='lat' dir='ltr'><strong>divina</strong></span> <span class='ocrx_word' id='word_1_14' title='bbox 1509 810 1658 870; x_wconf 82' lang='lat' dir='ltr'><strong>vita</strong></span> <span class='ocrx_word' id='word_1_15' title='bbox 1687 816 1818 883; x_wconf 74' lang='lat' dir='ltr'><strong>est3</strong></span> <span class='ocrx_word' id='word_1_16' title='bbox 1844 830 2038 871; x_wconf 72' lang='lat' dir='ltr'><strong>sensu</strong></span> <span class='ocrx_word' id='word_1_17' title='bbox 2072 823 2363 888; x_wconf 77' lang='lat' dir='ltr'><strong><em>carente,</em></strong></span> 
     </span>
     <span class='ocr_line' id='line_1_4' title="bbox 410 915 2367 1006; baseline 0.002 -22"><span class='ocrx_word' id='word_1_18' title='bbox 410 921 640 986; x_wconf 70' lang='lat' dir='ltr'><strong>„nihil</strong></span> <span class='ocrx_word' id='word_1_19' title='bbox 658 918 965 1006; x_wconf 70' lang='lat' dir='ltr'><strong>profecto</strong></span> <span class='ocrx_word' id='word_1_20' title='bbox 996 930 1092 982; x_wconf 75' lang='lat' dir='ltr'><strong>eet</strong></span> <span class='ocrx_word' id='word_1_21' title='bbox 1120 918 1357 983; x_wconf 82' lang='lat' dir='ltr'><strong>mali.”</strong></span> <span class='ocrx_word' id='word_1_22' title='bbox 1450 919 1619 983; x_wconf 88' lang='lat' dir='ltr'><strong>Haec</strong></span> <span class='ocrx_word' id='word_1_23' title='bbox 1651 915 1851 1006; x_wconf 88' lang='lat' dir='ltr'><strong>igitur</strong></span> <span class='ocrx_word' id='word_1_24' title='bbox 1878 919 2165 1006; x_wconf 79' lang='lat' dir='ltr'><strong>quamvis</strong></span> <span class='ocrx_word' id='word_1_25' title='bbox 2193 920 2367 988; x_wconf 88' lang='lat' dir='ltr'><strong>Cice-</strong></span> 
     </span>
     <span class='ocr_line' id='line_1_5' title="bbox 410 1027 2370 1119; baseline -0.001 -19"><span class='ocrx_word' id='word_1_26' title='bbox 410 1032 670 1101; x_wconf 88' lang='lat' dir='ltr'><strong>roniana</strong></span> <span class='ocrx_word' id='word_1_27' title='bbox 724 1052 854 1098; x_wconf 79' lang='lat' dir='ltr'><strong>esse</strong></span> <span class='ocrx_word' id='word_1_28' title='bbox 896 1049 1171 1119; x_wconf 85' lang='lat' dir='ltr'><strong>agnosco</strong></span> <span class='ocrx_word' id='word_1_29' title='bbox 1185 1079 1203 1107; x_wconf 94' lang='lat'><strong>,</strong></span> <span class='ocrx_word' id='word_1_30' title='bbox 1264 1051 1459 1118; x_wconf 89' lang='lat' dir='ltr'><strong>quam</strong></span> <span class='ocrx_word' id='word_1_31' title='bbox 1506 1027 1576 1094; x_wconf 92' lang='lat' dir='ltr'><strong>in</strong></span> <span class='ocrx_word' id='word_1_32' title='bbox 1621 1041 1868 1117; x_wconf 85' lang='lat' dir='ltr'><strong>partem</strong></span> <span class='ocrx_word' id='word_1_33' title='bbox 1918 1027 2370 1118; x_wconf 78' lang='lat' dir='ltr'><strong>disputationis</strong></span> 
     </span>
     <span class='ocr_line' id='line_1_6' title="bbox 411 1139 2371 1231; baseline -0.001 -20"><span class='ocrx_word' id='word_1_34' title='bbox 411 1146 498 1211; x_wconf 84' lang='lat' dir='ltr'><strong>De</strong></span> <span class='ocrx_word' id='word_1_35' title='bbox 543 1142 822 1231; x_wconf 79' lang='lat' dir='ltr'><strong>Legibus</strong></span> <span class='ocrx_word' id='word_1_36' title='bbox 864 1139 1231 1219; x_wconf 88' lang='lat' dir='ltr'><strong>includam,</strong></span> <span class='ocrx_word' id='word_1_37' title='bbox 1293 1139 1536 1230; x_wconf 88' lang='lat' dir='ltr'><strong>ignoro.</strong></span> <span class='ocrx_word' id='word_1_38' title='bbox 1649 1140 1936 1208; x_wconf 81' lang='lat' dir='ltr'><strong>Postulat</strong></span> <span class='ocrx_word' id='word_1_39' title='bbox 1980 1141 2155 1208; x_wconf 90' lang='lat' dir='ltr'><strong>enim</strong></span> <span class='ocrx_word' id='word_1_40' title='bbox 2206 1143 2371 1210; x_wconf 91' lang='lat' dir='ltr'><strong>illud</strong></span> 
     </span>
     <span class='ocr_line' id='line_1_7' title="bbox 410 1250 2370 1343; baseline -0.001 -19"><span class='ocrx_word' id='word_1_41' title='bbox 410 1251 783 1324; x_wconf 79' lang='lat' dir='ltr'><strong>consolandi</strong></span> <span class='ocrx_word' id='word_1_42' title='bbox 805 1274 1009 1343; x_wconf 84' lang='lat' dir='ltr'><strong>genus</strong></span> <span class='ocrx_word' id='word_1_43' title='bbox 1030 1250 1356 1340; x_wconf 88' lang='lat' dir='ltr'><strong>querelam</strong></span> <span class='ocrx_word' id='word_1_44' title='bbox 1383 1251 1730 1340; x_wconf 84' lang='lat' dir='ltr'><strong>praesentis</strong></span> <span class='ocrx_word' id='word_1_45' title='bbox 1751 1251 1920 1319; x_wconf 84' lang='lat' dir='ltr'><strong>vitae</strong></span> <span class='ocrx_word' id='word_1_46' title='bbox 1950 1254 2370 1335; x_wconf 82' lang='lat' dir='ltr'><strong>conditionis,</strong></span> 
     </span>
     <span class='ocr_line' id='line_1_8' title="bbox 410 1362 2375 1457; baseline 0.001 -24"><span class='ocrx_word' id='word_1_47' title='bbox 410 1365 886 1457; x_wconf 80' lang='lat' dir='ltr'><strong>praesentisque</strong></span> <span class='ocrx_word' id='word_1_48' title='bbox 937 1362 1271 1452; x_wconf 75' lang='lat' dir='ltr'><strong>temporiS,</strong></span> <span class='ocrx_word' id='word_1_49' title='bbox 1321 1363 1512 1453; x_wconf 88' lang='lat' dir='ltr'><strong>quale</strong></span> <span class='ocrx_word' id='word_1_50' title='bbox 1560 1363 1724 1452; x_wconf 88' lang='lat' dir='ltr'><strong>quid</strong></span> <span class='ocrx_word' id='word_1_51' title='bbox 1766 1386 1977 1454; x_wconf 88' lang='lat' dir='ltr'><strong>neque</strong></span> <span class='ocrx_word' id='word_1_52' title='bbox 2017 1367 2375 1456; x_wconf 87' lang='lat' dir='ltr'><strong>deprehen-</strong></span> 
     </span>
     <span class='ocr_line' id='line_1_9' title="bbox 413 1475 2376 1564; baseline 0.001 -19"><span class='ocrx_word' id='word_1_53' title='bbox 413 1479 594 1546; x_wconf 84' lang='lat' dir='ltr'><strong>ditur</strong></span> <span class='ocrx_word' id='word_1_54' title='bbox 636 1476 709 1544; x_wconf 88' lang='lat' dir='ltr'><strong>in</strong></span> <span class='ocrx_word' id='word_1_55' title='bbox 751 1476 874 1544; x_wconf 88' lang='lat' dir='ltr'><strong>boc</strong></span> <span class='ocrx_word' id='word_1_56' title='bbox 922 1497 1244 1555; x_wconf 85' lang='lat' dir='ltr'><strong>sermone,</strong></span> <span class='ocrx_word' id='word_1_57' title='bbox 1308 1497 1520 1564; x_wconf 88' lang='lat' dir='ltr'><strong>neque</strong></span> <span class='ocrx_word' id='word_1_58' title='bbox 1569 1475 1783 1544; x_wconf 91' lang='lat' dir='ltr'><strong>locum</strong></span> <span class='ocrx_word' id='word_1_59' title='bbox 1836 1476 2038 1544; x_wconf 87' lang='lat' dir='ltr'><strong>ullum</strong></span> <span class='ocrx_word' id='word_1_60' title='bbox 2090 1478 2376 1547; x_wconf 85' lang='lat' dir='ltr'><strong>invenire</strong></span> 
     </span>
     <span class='ocr_line' id='line_1_10' title="bbox 414 1586 2377 1681; baseline 0.002 -25"><span class='ocrx_word' id='word_1_61' title='bbox 414 1603 694 1679; x_wconf 88' lang='lat' dir='ltr'><strong>poterat.</strong></span> <span class='ocrx_word' id='word_1_62' title='bbox 787 1586 1054 1655; x_wconf 83' lang='lat' dir='ltr'><strong>Accedit</strong></span> <span class='ocrx_word' id='word_1_63' title='bbox 1105 1586 1286 1676; x_wconf 89' lang='lat' dir='ltr'><strong>quod</strong></span> <span class='ocrx_word' id='word_1_64' title='bbox 1333 1609 1647 1676; x_wconf 84' lang='lat' dir='ltr'><strong>nusquam</strong></span> <span class='ocrx_word' id='word_1_65' title='bbox 1699 1587 2022 1657; x_wconf 78' lang='lat' dir='ltr'><strong>dubitatio</strong></span> <span class='ocrx_word' id='word_1_66' title='bbox 2071 1590 2175 1656; x_wconf 89' lang='lat' dir='ltr'><strong>illa</strong></span> <span class='ocrx_word' id='word_1_67' title='bbox 2226 1614 2377 1681; x_wconf 89' lang='lat' dir='ltr'><strong>pro-</strong></span> 
     </span>
     <span class='ocr_line' id='line_1_11' title="bbox 415 1697 2378 1789; baseline 0.002 -23"><span class='ocrx_word' id='word_1_68' title='bbox 415 1700 717 1789; x_wconf 81' lang='lat' dir='ltr'><strong>ponitur,</strong></span> <span class='ocrx_word' id='word_1_69' title='bbox 777 1712 1006 1767; x_wconf 86' lang='lat' dir='ltr'><strong>contra</strong></span> <span class='ocrx_word' id='word_1_70' title='bbox 1067 1698 1401 1787; x_wconf 85' lang='lat' dir='ltr'><strong>complura</strong></span> <span class='ocrx_word' id='word_1_71' title='bbox 1460 1697 1758 1789; x_wconf 80' lang='lat' dir='ltr'><strong>colligere</strong></span> <span class='ocrx_word' id='word_1_72' title='bbox 1815 1699 1968 1766; x_wconf 90' lang='lat' dir='ltr'><strong>licet</strong></span> <span class='ocrx_word' id='word_1_73' title='bbox 2027 1701 2265 1768; x_wconf 87' lang='lat' dir='ltr'><strong>indicia</strong></span> <span class='ocrx_word' id='word_1_74' title='bbox 2310 1717 2378 1770; x_wconf 90' lang='lat' dir='ltr'><strong>et</strong></span> 
     </span>
     <span class='ocr_line' id='line_1_12' title="bbox 415 1809 2378 1903; baseline 0.001 -25"><span class='ocrx_word' id='word_1_75' title='bbox 415 1810 913 1902; x_wconf 81' lang='lat' dir='ltr'><strong>significationes</strong></span> <span class='ocrx_word' id='word_1_76' title='bbox 946 1810 1288 1900; x_wconf 84' lang='lat' dir='ltr'><strong>probatam</strong></span> <span class='ocrx_word' id='word_1_77' title='bbox 1322 1809 1546 1891; x_wconf 82' lang='lat' dir='ltr'><strong>fuisse,</strong></span> <span class='ocrx_word' id='word_1_78' title='bbox 1595 1809 1663 1875; x_wconf 91' lang='lat' dir='ltr'><strong>in</strong></span> <span class='ocrx_word' id='word_1_79' title='bbox 1695 1809 1803 1878; x_wconf 89' lang='lat' dir='ltr'><strong>illo</strong></span> <span class='ocrx_word' id='word_1_80' title='bbox 1845 1810 2109 1899; x_wconf 88' lang='lat' dir='ltr'><strong>quidem</strong></span> <span class='ocrx_word' id='word_1_81' title='bbox 2151 1835 2378 1903; x_wconf 87' lang='lat' dir='ltr'><strong>opere,</strong></span> 
     </span>
     <span class='ocr_line' id='line_1_13' title="bbox 414 1920 2377 2013; baseline -0.001 -21"><span class='ocrx_word' id='word_1_82' title='bbox 414 1923 699 1992; x_wconf 76' lang='lat' dir='ltr'><strong>OEceroni</strong></span> <span class='ocrx_word' id='word_1_83' title='bbox 750 1922 1118 2013; x_wconf 87' lang='lat' dir='ltr'><strong>opinionem</strong></span> <span class='ocrx_word' id='word_1_84' title='bbox 1171 1920 1669 1990; x_wconf 82' lang='lat' dir='ltr'><strong>immortalitatis</strong></span> <span class='ocrx_word' id='word_1_85' title='bbox 1719 1921 2078 1990; x_wconf 88' lang='lat' dir='ltr'><strong>animorum</strong></span> <span class='ocrx_word' id='word_1_86' title='bbox 2100 1974 2119 2003; x_wconf 97' lang='lat'><strong>,</strong></span> <span class='ocrx_word' id='word_1_87' title='bbox 2180 1924 2377 1992; x_wconf 84' lang='lat' dir='ltr'><strong>veluti</strong></span> 
     </span>
     <span class='ocr_line' id='line_1_14' title="bbox 414 2033 2381 2126; baseline 0.001 -25"><span class='ocrx_word' id='word_1_88' title='bbox 414 2038 510 2115; x_wconf 90' lang='lat'><strong>11,</strong></span> <span class='ocrx_word' id='word_1_89' title='bbox 555 2041 672 2115; x_wconf 84' lang='lat'><strong>17,</strong></span> <span class='ocrx_word' id='word_1_90' title='bbox 710 2035 864 2113; x_wconf 87' lang='lat' dir='ltr'><strong>fin.,</strong></span> <span class='ocrx_word' id='word_1_91' title='bbox 914 2034 1139 2123; x_wconf 81' lang='lat' dir='ltr'><strong>(fama</strong></span> <span class='ocrx_word' id='word_1_92' title='bbox 1172 2033 1655 2122; x_wconf 75' lang='lat' dir='ltr'><strong>mortuorum),</strong></span> <span class='ocrx_word' id='word_1_93' title='bbox 1702 2033 1860 2101; x_wconf 88' lang='lat' dir='ltr'><strong>ibid.</strong></span> <span class='ocrx_word' id='word_1_94' title='bbox 1899 2039 2021 2114; x_wconf 89' lang='lat'><strong>22,</strong></span> <span class='ocrx_word' id='word_1_95' title='bbox 2060 2043 2182 2116; x_wconf 83' lang='lat'><strong>55,</strong></span> <span class='ocrx_word' id='word_1_96' title='bbox 2234 2038 2381 2126; x_wconf 78' lang='lat' dir='ltr'><strong>(qui</strong></span> 
     </span>
     <span class='ocr_line' id='line_1_15' title="bbox 418 2142 2377 2233; baseline 0.002 -21"><span class='ocrx_word' id='word_1_97' title='bbox 418 2171 495 2212; x_wconf 64' lang='lat' dir='ltr'><strong>ee</strong></span> <span class='ocrx_word' id='word_1_98' title='bbox 538 2148 665 2211; x_wconf 75' lang='lat' dir='ltr'><strong>hac</strong></span> <span class='ocrx_word' id='word_1_99' title='bbox 706 2149 853 2208; x_wconf 77' lang='lat' dir='ltr'><strong>vita</strong></span> <span class='ocrx_word' id='word_1_100' title='bbox 892 2149 1304 2233; x_wconf 70' lang='lat' dir='ltr'><strong>migrassent</strong></span> <span class='ocrx_word' id='word_1_101' title='bbox 1348 2142 1464 2230; x_wconf 92' lang='lat'><strong>-)</strong></span> <span class='ocrx_word' id='word_1_102' title='bbox 1481 2173 1505 2209; x_wconf 87' lang='lat'><strong>.-</strong></span> <span class='ocrx_word' id='word_1_103' title='bbox 1572 2157 1647 2210; x_wconf 90' lang='lat' dir='ltr'><strong>ut</strong></span> <span class='ocrx_word' id='word_1_104' title='bbox 1718 2145 2013 2213; x_wconf 86' lang='lat' dir='ltr'><strong>omittam</strong></span> <span class='ocrx_word' id='word_1_105' title='bbox 2065 2147 2261 2214; x_wconf 90' lang='lat' dir='ltr'><strong>etiam</strong></span> <span class='ocrx_word' id='word_1_106' title='bbox 2302 2171 2377 2215; x_wconf 89' lang='lat' dir='ltr'><strong>ea</strong></span> 
     </span>
     <span class='ocr_line' id='line_1_16' title="bbox 418 2252 2383 2348; baseline 0.001 -24"><span class='ocrx_word' id='word_1_107' title='bbox 418 2278 584 2348; x_wconf 84' lang='lat' dir='ltr'><strong>quae</strong></span> <span class='ocrx_word' id='word_1_108' title='bbox 627 2254 698 2320; x_wconf 92' lang='lat' dir='ltr'><strong>in</strong></span> <span class='ocrx_word' id='word_1_109' title='bbox 732 2253 931 2320; x_wconf 83' lang='lat' dir='ltr'><strong>codd.</strong></span> <span class='ocrx_word' id='word_1_110' title='bbox 968 2252 1276 2343; x_wconf 90' lang='lat' dir='ltr'><strong>leguntur</strong></span> <span class='ocrx_word' id='word_1_111' title='bbox 1306 2255 1404 2334; x_wconf 93' lang='lat'><strong>11,</strong></span> <span class='ocrx_word' id='word_1_112' title='bbox 1455 2257 1574 2334; x_wconf 88' lang='lat'><strong>27,</strong></span> <span class='ocrx_word' id='word_1_113' title='bbox 1625 2259 1732 2321; x_wconf 88' lang='lat'><strong>68.</strong></span> <span class='ocrx_word' id='word_1_114' title='bbox 1784 2255 1902 2325; x_wconf 87' lang='lat' dir='ltr'><strong>fin.</strong></span> <span class='ocrx_word' id='word_1_115' title='bbox 1999 2257 2127 2324; x_wconf 86' lang='lat' dir='ltr'><strong>Sed</strong></span> <span class='ocrx_word' id='word_1_116' title='bbox 2170 2280 2383 2348; x_wconf 87' lang='lat' dir='ltr'><strong>neque</strong></span> 
     </span>
     <span class='ocr_line' id='line_1_17' title="bbox 420 2363 2381 2458; baseline 0 -22"><span class='ocrx_word' id='word_1_117' title='bbox 420 2367 810 2436; x_wconf 83' lang='lat' dir='ltr'><strong>Tusculanae</strong></span> <span class='ocrx_word' id='word_1_118' title='bbox 841 2368 957 2443; x_wconf 85' lang='lat'><strong>1··,</strong></span> <span class='ocrx_word' id='word_1_119' title='bbox 992 2386 1205 2452; x_wconf 89' lang='lat' dir='ltr'><strong>neque</strong></span> <span class='ocrx_word' id='word_1_120' title='bbox 1235 2363 1658 2433; x_wconf 72' lang='lat' dir='ltr'><strong>Consolationi</strong></span> <span class='ocrx_word' id='word_1_121' title='bbox 1698 2381 2106 2458; x_wconf 82' lang='lat' dir='ltr'><strong>congruunt3</strong></span> <span class='ocrx_word' id='word_1_122' title='bbox 2140 2369 2381 2437; x_wconf 90' lang='lat' dir='ltr'><strong>multo-</strong></span> 
     </span>
     <span class='ocr_line' id='line_1_18' title="bbox 420 2476 2381 2573; baseline -0.001 -23"><span class='ocrx_word' id='word_1_123' title='bbox 420 2504 548 2573; x_wconf 88' lang='lat' dir='ltr'><strong>que</strong></span> <span class='ocrx_word' id='word_1_124' title='bbox 576 2477 808 2570; x_wconf 80' lang='lat' dir='ltr'><strong>magis,</strong></span> <span class='ocrx_word' id='word_1_125' title='bbox 840 2476 1020 2566; x_wconf 86' lang='lat' dir='ltr'><strong>quod</strong></span> <span class='ocrx_word' id='word_1_126' title='bbox 1044 2477 1130 2544; x_wconf 89' lang='lat' dir='ltr'><strong>ad</strong></span> <span class='ocrx_word' id='word_1_127' title='bbox 1156 2477 1621 2545; x_wconf 78' lang='lat' dir='ltr'><strong>consolandum</strong></span> <span class='ocrx_word' id='word_1_128' title='bbox 1652 2477 1848 2545; x_wconf 88' lang='lat' dir='ltr'><strong>alium</strong></span> <span class='ocrx_word' id='word_1_129' title='bbox 1869 2531 1886 2560; x_wconf 91' lang='lat'>,</span> <span class='ocrx_word' id='word_1_130' title='bbox 1915 2502 2109 2570; x_wconf 86' lang='lat' dir='ltr'><strong>quem</strong></span> <span class='ocrx_word' id='word_1_131' title='bbox 2137 2480 2381 2549; x_wconf 90' lang='lat' dir='ltr'><strong>socium</strong></span> 
     </span>
     <span class='ocr_line' id='line_1_19' title="bbox 415 2588 2384 2682; baseline -0.001 -20"><span class='ocrx_word' id='word_1_132' title='bbox 415 2597 683 2665; x_wconf 74' lang='lat' dir='ltr'><strong>fortasse</strong></span> <span class='ocrx_word' id='word_1_133' title='bbox 730 2588 1125 2657; x_wconf 86' lang='lat' dir='ltr'><strong>miseriarum</strong></span> <span class='ocrx_word' id='word_1_134' title='bbox 1168 2589 1436 2657; x_wconf 89' lang='lat' dir='ltr'><strong>baberet</strong></span> <span class='ocrx_word' id='word_1_135' title='bbox 1482 2590 1698 2659; x_wconf 88' lang='lat' dir='ltr'><strong>Cicero</strong></span> <span class='ocrx_word' id='word_1_136' title='bbox 1719 2642 1735 2671; x_wconf 94' lang='lat'>‚</span> <span class='ocrx_word' id='word_1_137' title='bbox 1796 2591 2033 2682; x_wconf 85' lang='lat' dir='ltr'><strong>scripta</strong></span> <span class='ocrx_word' id='word_1_138' title='bbox 2080 2593 2384 2661; x_wconf 84' lang='lat' dir='ltr'><strong>videntur</strong></span> 
     </span>
     <span class='ocr_line' id='line_1_20' title="bbox 423 2701 2383 2797; baseline -0.001 -23"><span class='ocrx_word' id='word_1_139' title='bbox 423 2707 518 2797; x_wconf 91' lang='lat' dir='ltr'><strong>(id</strong></span> <span class='ocrx_word' id='word_1_140' title='bbox 550 2705 733 2795; x_wconf 89' lang='lat' dir='ltr'><strong>quod</strong></span> <span class='ocrx_word' id='word_1_141' title='bbox 781 2703 855 2768; x_wconf 89' lang='lat' dir='ltr'><strong>in</strong></span> <span class='ocrx_word' id='word_1_142' title='bbox 885 2716 1190 2769; x_wconf 87' lang='lat' dir='ltr'><strong>neutrum</strong></span> <span class='ocrx_word' id='word_1_143' title='bbox 1228 2703 1313 2769; x_wconf 91' lang='lat' dir='ltr'><strong>de</strong></span> <span class='ocrx_word' id='word_1_144' title='bbox 1343 2701 1463 2769; x_wconf 82' lang='lat' dir='ltr'><strong>illis</strong></span> <span class='ocrx_word' id='word_1_145' title='bbox 1490 2703 1780 2770; x_wconf 90' lang='lat' dir='ltr'><strong>libellum</strong></span> <span class='ocrx_word' id='word_1_146' title='bbox 1815 2703 2020 2791; x_wconf 89' lang='lat' dir='ltr'><strong>cadit)</strong></span> <span class='ocrx_word' id='word_1_147' title='bbox 2045 2755 2063 2783; x_wconf 97' lang='lat'><strong>,</strong></span> <span class='ocrx_word' id='word_1_148' title='bbox 2109 2705 2242 2772; x_wconf 87' lang='lat' dir='ltr'><strong>eius</strong></span> <span class='ocrx_word' id='word_1_149' title='bbox 2270 2728 2383 2796; x_wconf 89' lang='lat' dir='ltr'><strong>ge-</strong></span> 
     </span>
     <span class='ocr_line' id='line_1_21' title="bbox 415 2813 2381 2904; baseline 0.001 -19"><span class='ocrx_word' id='word_1_150' title='bbox 415 2817 589 2885; x_wconf 86' lang='lat' dir='ltr'><strong>neris</strong></span> <span class='ocrx_word' id='word_1_151' title='bbox 622 2829 691 2883; x_wconf 92' lang='lat' dir='ltr'><strong>et</strong></span> <span class='ocrx_word' id='word_1_152' title='bbox 721 2813 1027 2904; x_wconf 90' lang='lat' dir='ltr'><strong>temporis</strong></span> <span class='ocrx_word' id='word_1_153' title='bbox 1056 2826 1246 2895; x_wconf 89' lang='lat' dir='ltr'><strong>sunt,</strong></span> <span class='ocrx_word' id='word_1_154' title='bbox 1280 2814 1495 2903; x_wconf 88' lang='lat' dir='ltr'><strong>qualia</strong></span> <span class='ocrx_word' id='word_1_155' title='bbox 1530 2828 1686 2881; x_wconf 79' lang='lat' dir='ltr'><strong>sunt</strong></span> <span class='ocrx_word' id='word_1_156' title='bbox 1718 2814 1788 2880; x_wconf 94' lang='lat' dir='ltr'><strong>in</strong></span> <span class='ocrx_word' id='word_1_157' title='bbox 1823 2817 1984 2904; x_wconf 89' lang='lat' dir='ltr'><strong>Epp.</strong></span> <span class='ocrx_word' id='word_1_158' title='bbox 2015 2817 2100 2881; x_wconf 91' lang='lat' dir='ltr'><strong>ad</strong></span> <span class='ocrx_word' id='word_1_159' title='bbox 2126 2816 2260 2885; x_wconf 87' lang='lat' dir='ltr'><strong>Div.</strong></span> <span class='ocrx_word' id='word_1_160' title='bbox 2293 2820 2381 2896; x_wconf 86' lang='lat' dir='ltr'><strong>V,</strong></span> 
     </span>
     <span class='ocr_line' id='line_1_22' title="bbox 425 2925 2384 3013; baseline -0.001 -17"><span class='ocrx_word' id='word_1_161' title='bbox 425 2935 551 3010; x_wconf 83' lang='lat'><strong>16,</strong></span> <span class='ocrx_word' id='word_1_162' title='bbox 591 2933 653 2994; x_wconf 81' lang='lat'><strong>4.</strong></span> <span class='ocrx_word' id='word_1_163' title='bbox 691 2932 811 3006; x_wconf 89' lang='lat'><strong>21,</strong></span> <span class='ocrx_word' id='word_1_164' title='bbox 852 2931 911 2994; x_wconf 86' lang='lat'><strong>4.</strong></span> <span class='ocrx_word' id='word_1_165' title='bbox 951 2929 1066 3006; x_wconf 87' lang='lat' dir='ltr'><strong>VI,</strong></span> <span class='ocrx_word' id='word_1_166' title='bbox 1110 2929 1180 3005; x_wconf 86' lang='lat'><strong>4,</strong></span> <span class='ocrx_word' id='word_1_167' title='bbox 1222 2929 1283 2993; x_wconf 88' lang='grc'><strong>4.</strong></span> <span class='ocrx_word' id='word_1_168' title='bbox 1321 2925 1439 2992; x_wconf 86' lang='lat' dir='ltr'><strong>fin.</strong></span> <span class='ocrx_word' id='word_1_169' title='bbox 1504 2927 1913 3013; x_wconf 83' lang='lat' dir='ltr'><strong>Quapropter</strong></span> <span class='ocrx_word' id='word_1_170' title='bbox 1937 2926 2137 2994; x_wconf 87' lang='lat' dir='ltr'><strong>credo</strong></span> <span class='ocrx_word' id='word_1_171' title='bbox 2170 2948 2384 2995; x_wconf 90' lang='lat' dir='ltr'><strong>errore</strong></span> 
     </span>
     <span class='ocr_line' id='line_1_23' title="bbox 422 3035 2383 3128; baseline 0 -20"><span class='ocrx_word' id='word_1_172' title='bbox 422 3043 579 3108; x_wconf 87' lang='lat' dir='ltr'><strong>haec</strong></span> <span class='ocrx_word' id='word_1_173' title='bbox 614 3062 651 3105; x_wconf 91' lang='lat' dir='ltr'><strong>a</strong></span> <span class='ocrx_word' id='word_1_174' title='bbox 682 3037 1015 3106; x_wconf 85' lang='lat' dir='ltr'><strong>Lactantio</strong></span> <span class='ocrx_word' id='word_1_175' title='bbox 1060 3035 1485 3128; x_wconf 85' lang='lat' dir='ltr'><strong>disputationi</strong></span> <span class='ocrx_word' id='word_1_176' title='bbox 1521 3039 1612 3103; x_wconf 89' lang='lat' dir='ltr'><strong>De</strong></span> <span class='ocrx_word' id='word_1_177' title='bbox 1642 3035 1915 3126; x_wconf 80' lang='lat' dir='ltr'><strong>Legibus</strong></span> <span class='ocrx_word' id='word_1_178' title='bbox 1955 3037 2202 3108; x_wconf 85' lang='lat' dir='ltr'><strong>tributa</strong></span> <span class='ocrx_word' id='word_1_179' title='bbox 2235 3061 2383 3108; x_wconf 75' lang='lat' dir='ltr'><strong>esse.</strong></span> 
     </span>
    </p>

    <p class='ocr_par' dir='ltr' id='par_1_3' title="bbox 420 3145 2388 3350">
     <span class='ocr_line' id='line_1_24' title="bbox 510 3145 2388 3237; baseline -0.001 -19"><span class='ocrx_word' id='word_1_180' title='bbox 510 3150 704 3234; x_wconf 89' lang='lat' dir='ltr'><strong>Quod</strong></span> <span class='ocrx_word' id='word_1_181' title='bbox 737 3171 811 3216; x_wconf 86' lang='lat' dir='ltr'><strong>ex</strong></span> <span class='ocrx_word' id='word_1_182' title='bbox 842 3148 956 3217; x_wconf 87' lang='lat' dir='ltr'><strong>lib.</strong></span> <span class='ocrx_word' id='word_1_183' title='bbox 998 3152 1101 3218; x_wconf 68' lang='lat' dir='ltr'><strong>V⁸⁰</strong></span> <span class='ocrx_word' id='word_1_184' title='bbox 1135 3170 1172 3213; x_wconf 91' lang='lat' dir='ltr'><strong>a</strong></span> <span class='ocrx_word' id='word_1_185' title='bbox 1207 3146 1522 3215; x_wconf 85' lang='lat' dir='ltr'><strong>Macrobio</strong></span> <span class='ocrx_word' id='word_1_186' title='bbox 1555 3145 1884 3237; x_wconf 80' lang='lat' dir='ltr'><strong>profertur</strong></span> <span class='ocrx_word' id='word_1_187' title='bbox 1911 3146 2388 3237; x_wconf 83' lang='lat' dir='ltr'><strong>fragmentum,</strong></span> 
     </span>
     <span class='ocr_line' id='line_1_25' title="bbox 420 3258 1315 3350; baseline -0.004 -19"><span class='ocrx_word' id='word_1_188' title='bbox 420 3263 600 3331; x_wconf 87' lang='lat' dir='ltr'><strong>nullo</strong></span> <span class='ocrx_word' id='word_1_189' title='bbox 645 3261 1000 3349; x_wconf 85' lang='lat' dir='ltr'><strong>interprete</strong></span> <span class='ocrx_word' id='word_1_190' title='bbox 1045 3258 1315 3350; x_wconf 89' lang='lat' dir='ltr'><strong>indiget.</strong></span> 
     </span>
    </p>

    <p class='ocr_par' dir='ltr' id='par_1_4' title="bbox 420 3370 2442 4244">
     <span class='ocr_line' id='line_1_26' title="bbox 512 3370 2389 3461; baseline 0 -20"><span class='ocrx_word' id='word_1_191' title='bbox 512 3377 601 3442; x_wconf 83' lang='lat' dir='ltr'><strong>Ex</strong></span> <span class='ocrx_word' id='word_1_192' title='bbox 649 3373 761 3453; x_wconf 82' lang='lat' dir='ltr'><strong>iis,</strong></span> <span class='ocrx_word' id='word_1_193' title='bbox 807 3394 976 3461; x_wconf 90' lang='lat' dir='ltr'><strong>quae</strong></span> <span class='ocrx_word' id='word_1_194' title='bbox 1017 3394 1206 3461; x_wconf 84' lang='lat' dir='ltr'><strong>supra</strong></span> <span class='ocrx_word' id='word_1_195' title='bbox 1255 3370 1608 3460; x_wconf 83' lang='lat' dir='ltr'><strong>disputavi,</strong></span> <span class='ocrx_word' id='word_1_196' title='bbox 1656 3393 1860 3461; x_wconf 87' lang='lat' dir='ltr'><strong>quum</strong></span> <span class='ocrx_word' id='word_1_197' title='bbox 1904 3370 2053 3437; x_wconf 82' lang='lat' dir='ltr'><strong>satis</strong></span> <span class='ocrx_word' id='word_1_198' title='bbox 2094 3386 2389 3442; x_wconf 78' lang='lat' dir='ltr'><strong>constare</strong></span> 
     </span>
     <span class='ocr_line' id='line_1_27' title="bbox 422 3482 2387 3556; baseline -0.001 -1"><span class='ocrx_word' id='word_1_199' title='bbox 422 3486 701 3556; x_wconf 82' lang='lat' dir='ltr'><strong>arbitrer</strong></span> <span class='ocrx_word' id='word_1_200' title='bbox 750 3506 886 3551; x_wconf 89' lang='lat' dir='ltr'><strong>non</strong></span> <span class='ocrx_word' id='word_1_201' title='bbox 932 3495 1194 3550; x_wconf 89' lang='lat' dir='ltr'><strong>tantum</strong></span> <span class='ocrx_word' id='word_1_202' title='bbox 1245 3505 1383 3551; x_wconf 91' lang='lat' dir='ltr'><strong>non</strong></span> <span class='ocrx_word' id='word_1_203' title='bbox 1433 3482 1758 3551; x_wconf 81' lang='lat' dir='ltr'><strong>absolutos</strong></span> <span class='ocrx_word' id='word_1_204' title='bbox 1806 3505 1933 3550; x_wconf 75' lang='lat' dir='ltr'><strong>ense</strong></span> <span class='ocrx_word' id='word_1_205' title='bbox 1980 3483 2094 3550; x_wconf 90' lang='lat' dir='ltr'><strong>hos</strong></span> <span class='ocrx_word' id='word_1_206' title='bbox 2129 3483 2321 3552; x_wconf 85' lang='lat' dir='ltr'><strong>libros</strong></span> <span class='ocrx_word' id='word_1_207' title='bbox 2351 3509 2387 3552; x_wconf 87' lang='lat' dir='ltr'><strong>a</strong></span> 
     </span>
     <span class='ocr_line' id='line_1_28' title="bbox 420 3593 2387 3684; baseline -0.001 -17"><span class='ocrx_word' id='word_1_208' title='bbox 420 3600 763 3677; x_wconf 85' lang='lat' dir='ltr'><strong>Cicerone,</strong></span> <span class='ocrx_word' id='word_1_209' title='bbox 811 3596 924 3662; x_wconf 87' lang='lat' dir='ltr'><strong>sed</strong></span> <span class='ocrx_word' id='word_1_210' title='bbox 971 3617 1056 3662; x_wconf 90' lang='lat' dir='ltr'><strong>ne</strong></span> <span class='ocrx_word' id='word_1_211' title='bbox 1103 3594 1450 3684; x_wconf 75' lang='lat' dir='ltr'><strong>pei-politos</strong></span> <span class='ocrx_word' id='word_1_212' title='bbox 1498 3593 1764 3683; x_wconf 89' lang='lat' dir='ltr'><strong>quidem</strong></span> <span class='ocrx_word' id='word_1_213' title='bbox 1817 3608 1932 3662; x_wconf 87' lang='lat' dir='ltr'><strong>aut</strong></span> <span class='ocrx_word' id='word_1_214' title='bbox 1979 3595 2387 3678; x_wconf 71' lang='lat' dir='ltr'><strong>emendatOS,</strong></span> 
     </span>
     <span class='ocr_line' id='line_1_29' title="bbox 425 3705 2442 3796; baseline -0.002 -16"><span class='ocrx_word' id='word_1_215' title='bbox 425 3733 560 3780; x_wconf 82' lang='lat' dir='ltr'><strong>non</strong></span> <span class='ocrx_word' id='word_1_216' title='bbox 584 3707 826 3777; x_wconf 84' lang='lat' dir='ltr'><strong>dubito</strong></span> <span class='ocrx_word' id='word_1_217' title='bbox 855 3707 1142 3775; x_wconf 73' lang='lat' dir='ltr'><strong>affimare</strong></span> <span class='ocrx_word' id='word_1_218' title='bbox 1164 3707 1420 3774; x_wconf 91' lang='lat' dir='ltr'><strong>nullum</strong></span> <span class='ocrx_word' id='word_1_219' title='bbox 1447 3705 1635 3773; x_wconf 88' lang='lat' dir='ltr'><strong>facile</strong></span> <span class='ocrx_word' id='word_1_220' title='bbox 1666 3728 1826 3796; x_wconf 85' lang='lat' dir='ltr'><strong>opus</strong></span> <span class='ocrx_word' id='word_1_221' title='bbox 1852 3707 2389 3790; x_wconf 75' lang='lat' dir='ltr'><strong>esseTullianum,</strong></span> <span class='ocrx_word' id='word_1_222' title='bbox 2436 3741 2442 3750; x_wconf 94' lang='lat'><strong>·</strong></span> 
     </span>
     <span class='ocr_line' id='line_1_30' title="bbox 424 3817 2392 3908; baseline -0.002 -16"><span class='ocrx_word' id='word_1_223' title='bbox 424 3822 606 3892; x_wconf 86' lang='lat' dir='ltr'><strong>cuius</strong></span> <span class='ocrx_word' id='word_1_224' title='bbox 650 3817 1098 3908; x_wconf 87' lang='lat' dir='ltr'><strong>interpretatio</strong></span> <span class='ocrx_word' id='word_1_225' title='bbox 1145 3818 1360 3908; x_wconf 81' lang='lat' dir='ltr'><strong>plures</strong></span> <span class='ocrx_word' id='word_1_226' title='bbox 1398 3817 1728 3886; x_wconf 73' lang='lat' dir='ltr'><strong>cautiones</strong></span> <span class='ocrx_word' id='word_1_227' title='bbox 1775 3817 2027 3886; x_wconf 66' lang='lat' dir='ltr'><strong>habeat.</strong></span> <span class='ocrx_word' id='word_1_228' title='bbox 2122 3820 2186 3886; x_wconf 89' lang='lat' dir='ltr'><strong>Si</strong></span> <span class='ocrx_word' id='word_1_229' title='bbox 2220 3821 2392 3888; x_wconf 91' lang='lat' dir='ltr'><strong>enim</strong></span> 
     </span>
     <span class='ocr_line' id='line_1_31' title="bbox 427 3929 2393 4023; baseline -0.001 -22"><span class='ocrx_word' id='word_1_230' title='bbox 427 3957 655 4004; x_wconf 87' lang='lat' dir='ltr'><strong>eorum</strong></span> <span class='ocrx_word' id='word_1_231' title='bbox 699 3932 1019 4022; x_wconf 85' lang='lat' dir='ltr'><strong>ipsorum,</strong></span> <span class='ocrx_word' id='word_1_232' title='bbox 1066 3953 1232 4019; x_wconf 90' lang='lat' dir='ltr'><strong>quae</strong></span> <span class='ocrx_word' id='word_1_233' title='bbox 1265 3953 1302 3996; x_wconf 89' lang='lat' dir='ltr'><strong>a</strong></span> <span class='ocrx_word' id='word_1_234' title='bbox 1333 3953 1399 3997; x_wconf 88' lang='lat' dir='ltr'><strong>se</strong></span> <span class='ocrx_word' id='word_1_235' title='bbox 1433 3931 1772 3998; x_wconf 89' lang='lat' dir='ltr'><strong>emendata</strong></span> <span class='ocrx_word' id='word_1_236' title='bbox 1815 3929 2062 4011; x_wconf 91' lang='lat' dir='ltr'><strong>edidit,</strong></span> <span class='ocrx_word' id='word_1_237' title='bbox 2108 3933 2393 4023; x_wconf 82' lang='lat' dir='ltr'><strong>exempla</strong></span> 
     </span>
     <span class='ocr_line' id='line_1_32' title="bbox 430 4041 2396 4133; baseline -0.002 -18"><span class='ocrx_word' id='word_1_238' title='bbox 430 4046 748 4116; x_wconf 87' lang='lat' dir='ltr'><strong>continuo</strong></span> <span class='ocrx_word' id='word_1_239' title='bbox 773 4043 1165 4133; x_wconf 84' lang='lat' dir='ltr'><strong>corruptelas</strong></span> <span class='ocrx_word' id='word_1_240' title='bbox 1192 4056 1685 4122; x_wconf 86' lang='lat' dir='ltr'><strong>contraxerunt,</strong></span> <span class='ocrx_word' id='word_1_241' title='bbox 1717 4041 1785 4107; x_wconf 89' lang='lat' dir='ltr'><strong>in</strong></span> <span class='ocrx_word' id='word_1_242' title='bbox 1816 4041 2018 4132; x_wconf 89' lang='lat' dir='ltr'><strong>iisque</strong></span> <span class='ocrx_word' id='word_1_243' title='bbox 2048 4046 2396 4111; x_wconf 87' lang='lat' dir='ltr'><strong>emendan-</strong></span> 
     </span>
     <span class='ocr_line' id='line_1_33' title="bbox 433 4153 2394 4244; baseline -0.002 -19"><span class='ocrx_word' id='word_1_244' title='bbox 433 4158 535 4225; x_wconf 83' lang='lat' dir='ltr'><strong>dis</strong></span> <span class='ocrx_word' id='word_1_245' title='bbox 572 4157 859 4224; x_wconf 80' lang='lat' dir='ltr'><strong>rhetores</strong></span> <span class='ocrx_word' id='word_1_246' title='bbox 883 4168 949 4220; x_wconf 89' lang='lat' dir='ltr'><strong>et</strong></span> <span class='ocrx_word' id='word_1_247' title='bbox 971 4153 1367 4244; x_wconf 88' lang='lat' dir='ltr'><strong>grammatici</strong></span> <span class='ocrx_word' id='word_1_248' title='bbox 1399 4154 1703 4242; x_wconf 73' lang='lat' dir='ltr'><strong>deinceps</strong></span> <span class='ocrx_word' id='word_1_249' title='bbox 1726 4176 1984 4242; x_wconf 88' lang='lat' dir='ltr'><strong>operam</strong></span> <span class='ocrx_word' id='word_1_250' title='bbox 2010 4170 2360 4244; x_wconf 80' lang='lat' dir='ltr'><strong>posuerunt</strong></span> <span class='ocrx_word' id='word_1_251' title='bbox 2379 4208 2394 4234; x_wconf 90' lang='lat'>‚</span> 
     </span>
    </p>
   </div>
  </div>
 </body>
</html>
