3131 5032
1150 384 1294 451 ιω.
1334 383 1403 469 1,
1450 387 1572 464 24.
1620 389 1724 455 63.
2279 388 2403 454 457

459 586 606 649 alibi
636 587 723 648 sic
753 588 1027 650 locutum
1052 608 1177 649 enee
1207 588 1554 649 Ciceronem
1573 635 1592 666 ,
1622 589 1996 672 philosophia
2028 589 2211 668 efficit
2241 612 2412 672 quem

456 690 648 750 talem.
730 690 776 750 E
822 699 1108 770 corrupto
1158 694 1214 751 δ.
1263 690 1543 768 efficia-ie,
1604 692 1934 753 coniiceres
1972 693 2198 754 lectum
2231 693 2414 756 fuisse

454 792 709 870 effinxit:
771 793 877 854 sed
932 814 1012 854 ne
1061 795 1179 855 hoc
1210 794 1456 874 quidem
1491 795 1746 855 verbum
1776 795 2091 856 commode
2122 798 2208 856 sic
2243 817 2416 857 usur·

453 905 632 977 patur
649 944 668 975 ,
708 905 873 959 certe
920 897 1100 977 longe
1151 896 1387 958 diverso
1425 897 1606 958 modo
1640 900 1888 977 ponitur
1919 900 2051 961 Nat.
2084 900 2153 960 D.
2189 900 2256 977 1,
2299 900 2378 961 23
2395 947 2414 978 ,

454 1003 535 1063 65
551 1047 571 1078 ‚
611 1001 689 1062 ad
730 1002 1055 1083 Epicurum
1073 1047 1091 1077 ,
1131 1002 1241 1080 qui
1290 1000 1367 1062 ad
1417 1002 1618 1063 omnia
1665 1002 2026 1064 abutebatur
2080 1012 2416 1066 atomorum

454 1126 642 1184 regno
694 1114 755 1166 et
804 1106 1086 1183 licentia3
1147 1106 1318 1182 hinc,
1369 1107 1770 1188 quodcumque
1805 1111 1874 1167 in
1907 1110 2096 1168 solum
2139 1111 2305 1170 vonit
2336 1142 2418 1154 -·

455 1208 689 1293 effingis
716 1221 888 1289 atque
911 1208 1119 1286 efficis.
1193 1209 1265 1268 Et
1298 1218 1527 1286 tamen,
1556 1210 1714 1270 sicut
1744 1218 1958 1271 natura
1983 1230 2168 1290 quem
2180 1214 2416 1295 fingere

454 1309 718 1387 dicitur,
758 1319 821 1370 et
864 1329 1031 1370 suam
1067 1309 1362 1389 cuiusque
1407 1309 1712 1372 fortunam
1755 1333 1982 1388 mores,
2035 1314 2119 1373 ita
2159 1313 2417 1393 philoso-

453 1414 596 1492 phia
615 1462 634 1491 ,
691 1433 876 1492 quam
939 1413 1076 1491 quis
1133 1425 1176 1472 e·
1218 1411 1535 1491 disciplina
1596 1416 1853 1496 percipit
1870 1462 1887 1492 ,
1945 1416 2189 1476 sortasse
2252 1425 2418 1478 recte

454 1515 724 1598 effingere
775 1515 1019 1575 dicitur:
1067 1515 1153 1574 ita
1193 1523 1262 1574 ut
1296 1517 1661 1595 optimorum
1692 1517 1987 1578 librorum
2023 1519 2204 1580 lectio
2236 1517 2419 1596 efficit

456 1638 580 1680 nou
615 1617 972 1697 corrigenda
1002 1617 1081 1676 sit
1116 1620 1314 1698 ffwi‘
1330 1665 1348 1694 ‚
1388 1618 1494 1679 sed
1526 1618 1776 1697 effinxit.

536 1743 672 1783 vero
688 1725 865 1804 socie
900 1724 1108 1782 mov-ito
1141 1721 1250 1800 —-)
1328 1722 1710 1801 Reliquimue
1746 1723 1933 1798 haec,
1972 1723 2127 1783 sicut
2165 1725 2233 1783 in
2267 1725 2418 1804 opti-

459 1823 576 1885 mis
607 1826 777 1886 libris
813 1834 1012 1902 erant,
1047 1825 1162 1884 nisi
1191 1825 1353 1903 quod
1387 1825 1452 1886 in
1483 1825 1584 1901 iis,
1616 1827 1829 1887 iterata
1856 1827 2131 1906 praeced.
2167 1828 2417 1909 syllaba,

451 1928 735 1988 scribitur
784 1948 1004 1988 mera.
1090 1928 1277 2003 Vero,
1319 1929 1386 1988 in
1417 1948 1696 2008 responso
1733 1929 1909 1990 initio
1945 1931 2235 2009 positum,
2277 1931 2415 1990 illu·

450 2038 715 2091 strarunt
746 2028 1004 2089 Moeerun
1036 2030 1114 2089 ad
1149 2029 1348 2091 Divin.
1384 2030 1450 2106 1,
1491 2031 1605 2106 46,
1652 2031 1786 2092 104.
1825 2032 2007 2092 Orell.
2027 2031 2104 2092 ad
2119 2033 2286 2093 Tunc.
2322 2032 2413 2108 11,

455 2133 525 2194 11
550 2181 568 2211 ,
609 2134 709 2196 26.
790 2133 874 2193 Ee
917 2135 1042 2213 ipae
1077 2153 1292 2213 parum
1343 2132 1681 2213 prudenter
1720 2135 2115 2194 recentissimi
2148 2136 2417 2196 Editoree

451 2236 842 2296 sustulerunt.
939 2234 1055 2295 Sed
1108 2233 1472 2314 Madvigius,
1525 2235 1635 2314 qui
1666 2235 2001 2296 Emendatt.
2038 2256 2098 2315 p.
2136 2235 2215 2296 58
2249 2245 2414 2297 recte

453 2337 661 2399 eadem
695 2336 985 2398 servanda
1020 2336 1225 2415 ducit,
1266 2338 1469 2398 minus
1503 2346 1703 2413 recte,
1736 2338 1953 2415 credo,
1994 2339 2197 2400 locum
2231 2341 2415 2400 inter-

448 2448 723 2523 pretatur
750 2441 862 2502 nic:
897 2466 927 2499 n
945 2449 1008 2500 et
1035 2441 1162 2521 ipse
1191 2449 1356 2502 recte
1381 2440 1527 2501 sacis
1543 2440 1635 2523 (in
1655 2440 2035 2523 philosophia
2061 2441 2415 2526 laudanda),

446 2553 561 2606 »ct
602 2565 698 2606 ree
752 2553 815 2606 ut
860 2545 945 2605 ita
992 2546 1218 2606 faceres
1248 2545 1594 2624 exigebat:'’
1649 2565 1842 2625 eaque
1885 2545 1973 2606 sic
2010 2555 2289 2607 accurate
2324 2568 2416 2608 re·

445 2648 742 2730 spondere
791 2657 964 2728 putat
1015 2648 1088 2709 iis
1107 2696 1125 2726 ,
1183 2669 1342 2729 quae
1396 2649 1627 2709 Marcus
1660 2648 1912 2710 dixerat.
1991 2649 2125 2709 Vim
2163 2651 2247 2711 ita
2283 2649 2414 2710 fieri

444 2760 597 2833 puto
630 2758 763 2810 tum
797 2750 1102 2809 Latinitati
1118 2796 1137 2826 ,
1180 2758 1310 2809 tum
1340 2750 1697 2826 sententiae,
1738 2770 1896 2830 quae
1927 2759 2092 2813 certe
2125 2752 2412 2831 languida

445 2854 593 2914 exit.
671 2852 803 2913 Duo
850 2852 1049 2932 potius
1090 2852 1200 2912 illa
1218 2898 1235 2928 ‚
1275 2872 1386 2931 per
1417 2872 1577 2932 quae
1610 2852 1929 2931 respondet
1963 2854 2195 2914 Atticu-
2229 2855 2409 2914 Marci

445 2955 680 3030 verbis,
708 2956 860 3015 haec
888 2964 1053 3030 sunt,
1081 2957 1256 3038 facis
1291 2968 1346 3015 ei
1377 2958 1583 3015 merito
1600 3002 1616 3030 ‚
1657 2968 1714 3016 et
1750 2959 1875 3038 ipse
1895 3003 1912 3033 ‚
1951 2976 2214 3036 quorum
2248 2957 2409 3017 illud

443 3058 764 3139 respondet
798 3058 894 3119 hia
927 3070 1077 3119 recte
1109 3070 1216 3119 oet.
1233 3081 1260 3130 ,·
1301 3059 1416 3120 hoc
1450 3058 1639 3139 priori
1681 3060 1927 3119 libenter
1934 3083 1962 3132 ,·
2001 3079 2201 3138 neque
2235 3060 2405 3120 aliud

442 3160 779 3243 quidquam
834 3160 1124 3239 signifieat
1176 3174 1231 3222 ot
1286 3164 1412 3243 ipse
1463 3161 1624 3238 nisi,
1679 3170 1740 3221 et
1789 3171 1893 3222 tua
1939 3170 2179 3241 sponte,
2220 3162 2305 3223 ita
2335 3173 2407 3224 ut

437 3266 754 3346 proprium
806 3273 983 3326 tuum
1035 3265 1150 3326 hoc
1205 3286 1427 3325 munus
1476 3263 1814 3325 laudandae
1864 3265 2276 3346 philosophiae
2308 3267 2404 3329 sit.

437 3368 535 3430 Sic
586 3368 934 3430 excluditur
986 3369 1084 3444 id,
1141 3389 1264 3448 quo
1297 3369 1577 3449 Madvigii
1599 3369 2025 3447 interpretatio
2058 3370 2366 3430 nitebatur
2385 3416 2401 3444 ,

441 3481 514 3533 ut
560 3484 615 3532 ot
659 3506 738 3520 -—
780 3494 890 3553 que
945 3472 1011 3532 in
1065 3473 1398 3532 sententiae
1448 3473 1724 3552 partibus
1773 3481 2178 3552 ponerentur,
2235 3472 2402 3552 quod

438 3575 807 3634 rarissimum
842 3594 966 3635 esee
1004 3595 1183 3655 supra
1228 3576 1567 3637 notavimus
1615 3574 1692 3636 ad
1736 3576 1873 3656 Cap.
1919 3576 2024 3653 10,
2067 3575 2178 3638 30:
2235 3575 2395 3637 conf.

441 3676 521 3737 ad
554 3676 693 3756 Cap.
729 3677 840 3753 21,
881 3678 981 3738 54.
1061 3679 1211 3739 Nam
1230 3682 1481 3761 fuitque
1517 3680 1588 3739 id
1619 3687 1735 3742 cet.
1771 3681 2078 3760 pertinent
2113 3680 2191 3741 ad
2221 3701 2394 3761 supe·

439 3780 600 3842 riora
618 3825 638 3857 ,
663 3782 929 3862 primum
962 3782 1042 3843 ad
1071 3803 1141 3842 ea
1172 3790 1288 3843 cet.

1276 4008 1648 4036 -——-—--..
