3131 5032
1322 514 1407 584 21

382 752 567 826 opus
598 741 714 799 est
750 726 896 798 hoc
926 727 1086 798 loco
1120 726 1391 825 litibus)
1439 732 1513 798 in
1559 727 1869 800 hortulis
1907 732 2054 798 suis
2094 728 2336 799 iubea-

383 871 545 918 mus
605 845 884 936 dicere,
933 851 1410 948 atque-etiam
1449 846 1543 920 ab
1590 850 1791 919 omni
1830 851 2169 921 societate
2233 850 2336 919 rei

384 963 757 1064 publicae,
790 969 994 1038 cuius
1031 980 1308 1065 partem
1341 991 1477 1039 nec
1512 981 1783 1039 norunt
1819 967 2071 1056 ullam,
2101 990 2340 1061 neque

386 1109 738 1182 umquam
803 1109 1016 1157 nosse
1072 1086 1485 1178 voluerunt,
1544 1086 1932 1186 paullisper
1990 1085 2338 1158 facessant

389 1229 748 1303 rogemus.
817 1204 1417 1278 Perturbatricem
1446 1221 1689 1279 autem
1715 1205 1973 1279 harum
2010 1207 2338 1275 omnium

387 1349 664 1415 rerum,
686 1324 1135 1397 Academiam
1152 1377 1172 1416 ,
1201 1325 1389 1399 hanc
1417 1325 1511 1399 ab
1541 1325 1852 1398 Arcesila
1885 1339 1956 1397 et
1979 1321 2341 1396 Carneade

389 1458 785 1535 recentem,
845 1469 1222 1517 exoremus
1266 1461 1352 1518 ut
1391 1446 1621 1518 sileat:
1681 1470 1849 1518 nam
1895 1447 1955 1516 si
2003 1444 2339 1516 invaserit
2369 1470 2386 1487 ·

388 1567 462 1633 in
496 1564 704 1654 haec,
756 1588 942 1661 quae
969 1568 1139 1637 satis
1175 1568 1352 1639 scite
1388 1563 1602 1637 nobis
1639 1570 1988 1637 instructa
2031 1578 2105 1636 et
2143 1587 2340 1634 com-

389 1687 619 1781 posita
649 1684 1020 1774 videntur,
1058 1689 1313 1758 nimias
1352 1684 1516 1757 edet
1552 1689 1815 1757 ruinas.
1913 1686 2150 1774 Quam
2183 1685 2341 1779 qui-

385 1800 549 1873 dem
597 1828 735 1901 ego
773 1803 1055 1902 placare
1103 1807 1350 1903 cupi0‚
1401 1828 1857 1877 summovere
1900 1827 2049 1874 non
2090 1800 2339 1874 audeo.

383 1927 562 1995 Nam
618 1937 692 1995 et
751 1927 829 1994 in
876 1927 964 1996 iis
1008 1928 1165 1996 sine
1203 1924 1392 1996 illius
1435 1923 1869 1996 suffimentis
1915 1925 2179 2022 expiati
2222 1946 2340 1993 su-

384 2066 575 2114 mus:
628 2056 701 2114 at
753 2068 924 2115 vero
968 2043 1318 2116 scelerum
1353 2048 1429 2115 in
1466 2044 1801 2116 homines
1841 2058 2061 2140 atque
2095 2044 2343 2141 impie-

386 2175 619 2234 tatum
671 2162 866 2235 nulla
925 2166 1232 2262 expiatio
1291 2178 1439 2237 est:
1501 2168 1748 2262 itaque
1805 2187 2074 2264 poenas
2128 2162 2341 2234 luunt

382 2306 530 2353 non
563 2297 710 2353 tam
744 2281 1056 2373 iudiciis,
1088 2308 1274 2380 quae
1308 2284 1679 2381 quondam
1712 2307 2074 2381 nusquam
2106 2293 2340 2367 erant,

384 2400 602 2474 hodie
666 2401 1128 2476 multifariam
1193 2403 1388 2476 nulla
1442 2418 1646 2494 sunt,
1705 2402 1838 2475 ubi
1893 2406 1982 2474 sit
2022 2411 2045 2449 ¹
2098 2414 2338 2472 tamen

2411 1928 2522 1979 xlv
2534 1965 2545 1979 .

2411 1997 2497 2049 40.

384 2548 731 2624 persaepe
762 2521 935 2596 falsa
980 2537 1178 2614 sunt,
1229 2533 1361 2596 ut²
1404 2550 1527 2596 eos
1560 2528 1834 2622 agitent
1871 2528 2341 2595 insectentur·
2448 2617 2456 2624 .

382 2668 527 2740 que
564 2643 827 2734 furiae,
861 2670 1010 2717 non
1047 2645 1466 2719 ardentibus
1499 2645 1759 2735 taediS‚
1801 2648 1985 2716 sicut
2023 2646 2100 2713 in
2137 2639 2342 2713 fabu-

389 2762 511 2852 tis,
559 2764 682 2835 sed
717 2787 987 2860 angore
1026 2768 1503 2838 conscientiae
1534 2764 1955 2861 fraudisque
1992 2763 2336 2834 cruciatu.

388 2881 608 2973 Quod
649 2887 705 2954 si
751 2882 1078 2956 homiues
1118 2883 1210 2955 ab
1251 2886 1512 2956 iniuria
1556 2909 1829 2983 poena,
1881 2906 2028 2951 non
2082 2892 2336 2950 natura

382 3025 635 3074 arcere
667 3001 990 3091 deberet3
1042 3027 1397 3100 quaenam
1435 3000 1844 3074 sollicitudo
1885 3011 2169 3071 vexaret
2209 3000 2341 3067 im-

382 3123 575 3219 pioS,
610 3121 896 3195 sublato
922 3121 1439 3221 suppliciorum
1473 3119 1718 3192 metu?
1754 3140 2072 3215 quorum
2097 3129 2336 3188 tamen

381 3265 600 3312 nemo
640 3255 786 3314 tam
819 3240 1051 3314 audax
1089 3266 1433 3339 umquam
1466 3239 1637 3330 fuit,
1686 3242 1863 3337 quin
1912 3251 2037 3310 aut
2068 3235 2339 3309 abnue-

382 3374 490 3432 ret
551 3385 597 3432 a
652 3383 732 3431 se
773 3361 1233 3431 commissum
1284 3384 1438 3432 esse
1479 3359 1789 3449 facinus,
1837 3372 1964 3430 aut
2008 3359 2178 3428 iusti
2223 3360 2335 3426 sui

374 3477 649 3550 doloris
685 3504 971 3551 causam
997 3478 1311 3576 aliquam
1332 3480 1671 3580 fingeret,
1693 3476 2334 3572 defensionemque

377 3595 716 3671 facinoris
749 3623 792 3671 a
822 3613 1119 3672 natura⁸
1153 3601 1310 3673 iure
1347 3600 1592 3698 aliquo
1627 3611 2024 3697 quaereret.
2125 3598 2330 3686 Quae

378 3720 436 3787 si
486 3718 847 3817 appellare
898 3717 1168 3792 audent
1224 3722 1459 3819 impii,
1531 3745 1683 3817 quo
1742 3717 2034 3791 tandem
2086 3716 2326 3788 studio

374 3836 708 3909 colentur
736 3863 782 3910 a
816 3835 1070 3910 bonis?
1152 3839 1368 3930 Quod
1405 3842 1467 3912 si
1501 3864 1766 3940 poena,
1796 3841 1856 3909 si
1894 3852 2130 3910 metus
2164 3860 2329 3934 sup-

378 3954 607 4051 plicii,
657 3981 808 4029 non
858 3961 1010 4057 ipsa
1056 3958 1434 4058 turpitudo
1482 3957 1797 4032 deterret
1845 3956 1939 4030 ab
1989 3958 2325 4027 iniuriosa

438 4227 451 4258 ¹
487 4224 611 4275 sint.
684 4226 707 4260 ²
744 4225 833 4275 scd
865 4236 939 4276 ut.
1013 4230 1035 4266 ²
1073 4238 1297 4279 naturae.

982 4419 1074 4452 d-
