3131 5032
1377 478 1513 554 105

605 688 800 769 solet,
863 684 1069 760 verbis
1123 706 1327 775 mque
1378 684 1697 754 dabieur:
1770 686 2155 785 quibuscum
2205 688 2424 758 statim

608 811 970 871 nectuntur
1000 796 1113 869 fol.
1152 801 1303 869 174.
1328 796 1520 880 haec,
1559 800 1747 890 Quia
1768 802 2066 887 pertinet
2097 800 2191 867 ad
2211 825 2428 869 moret

605 924 734 982 cet.
765 909 808 981 i.
842 931 900 979 e.
936 920 1312 977 truncatum
1353 907 1614 979 initium
1649 907 1847 978 libelli
1878 911 1973 980 De
2001 913 2193 995 Fato,
2227 935 2430 1004 usque

607 1023 696 1094 ad
746 1021 938 1092 verba
986 1043 1128 1114 cap.
1166 1024 1229 1089 2.
1276 1019 1395 1091 fin.
1432 1021 1724 1111 proinde
1753 1023 1981 1093 ordire
2002 1025 2428 1093 concidamus

610 1138 739 1208 Ιιίο.
843 1139 1083 1204 Rursus
1140 1131 1573 1204 mbiiciuntur
1614 1134 1808 1220 haec,
1866 1160 2002 1206 non
2050 1151 2150 1206 eet
2194 1143 2427 1231 igitur

605 1264 751 1318 tam
795 1248 1145 1337 explorata
1198 1251 1339 1316 ieta
1400 1250 1587 1316 ratio
1633 1261 1756 1319 cet.
1803 1272 1844 1319 e
1887 1251 1921 1317 1
1962 1251 2186 1320 Natur.
2238 1253 2423 1322 Deor.

604 1385 748 1455 cap.
802 1366 925 1444 23,
987 1363 1113 1441 64,
1175 1358 1773 1453 continuanturque
1819 1385 2024 1454 usque
2068 1361 2155 1432 ad
2193 1364 2422 1447 verba,

612 1477 845 1544 vellem
874 1474 1185 1542 dicer-etit
1200 1501 1227 1556 3
1260 1474 1532 1542 deorum
1561 1481 2020 1567 cognationem
2037 1528 2056 1559 ‚
2091 1475 2252 1547 ibid.
2279 1500 2421 1570 cap.

609 1592 731 1670 32,
796 1591 915 1670 91,
991 1597 1476 1676 nectunturque
1543 1583 1703 1655 haec
1773 1608 1813 1657 e
1871 1588 1937 1655 11
1992 1588 2087 1657 De
2151 1588 2426 1681 Legibus

604 1720 746 1790 cap.
803 1706 843 1769 5
863 1749 882 1781 ,
952 1703 1074 1780 13,
1136 1698 1411 1785 aliquas
1451 1720 1785 1765 ‚comeatu
1850 1722 1973 1766 suo
2017 1712 2147 1770 cet.
2252 1703 2421 1770 Haec

607 1809 878 1903 exempli
945 1832 1133 1881 causa
1198 1808 1528 1879 sufficiant
1549 1860 1570 1891 ,
1646 1808 1838 1879 simul
1903 1824 1981 1882 ut
2043 1811 2424 1883 ostendatur

609 1923 955 1991 Timaeum
1013 1943 1276 2015 quoque
1327 1921 1532 2015 (quod
1582 1921 1657 1992 in
1709 1921 1890 1994 edito
1936 1923 2238 2017 Catalogo
2283 1947 2423 1995 non

606 2033 898 2126 notatur)
949 2033 1077 2105 hoc
1150 2033 1474 2105 volumine
1532 2034 1875 2106 contineri.
1981 2040 2255 2107 Restant
2300 2036 2421 2106 alia

604 2146 1196 2227 animadvertenda.
1309 2148 1471 2217 Nam
1533 2147 1649 2220 fol.
1720 2153 1849 2218 103
1900 2147 2047 2241 ipsis
2093 2150 2431 2242 postremis

602 2258 811 2330 verbis
856 2272 1194 2329 truncatae
1234 2259 1593 2331 sententiae
1618 2259 1820 2330 libelli
1857 2263 1949 2331 De
1981 2265 2173 2345 Fato,
2217 2264 2326 2332 vel
2351 2267 2421 2331 ei

603 2374 837 2440 volunt
898 2374 1205 2440 omnibus
1269 2374 1692 2443 naturaliter
1708 2424 1728 2456 ,
1797 2371 2230 2445 mbiiciuntur
2286 2400 2419 2445 mm

594 2488 795 2578 potui
843 2489 1075 2577 igitur
1132 2487 1267 2555 tibi
1318 2490 1588 2576 saepius
1647 2487 1767 2556 Ιιοο
1814 2491 2096 2580 roganti
2156 2501 2282 2560 cet.
2335 2488 2421 2559 de

599 2597 860 2669 exordio
898 2597 1279 2691 Topicorum
1320 2622 1463 2692 cap.
1507 2606 1538 2667 1
1557 2652 1578 2683 ,
1631 2604 1707 2669 4:
1754 2622 1979 2671 verum
2012 2624 2089 2672 eo
2118 2602 2264 2674 loco
2295 2601 2417 2671 illi-

601 2724 754 2803 gata
793 2724 890 2780 est
935 2710 1312 2779 membrana
1340 2709 1478 2780 folii
1509 2709 1832 2780 dimidiati
1851 2761 1870 2794 ,
1916 2711 2208 2782 omissam
2241 2711 2420 2783 istius

602 2822 845 2895 exordii
868 2837 1122 2915 partem
1140 2846 1293 2892 cum
1315 2821 1761 2915 inscriptione,
1786 2824 2137 2913 Incipiunt
2153 2826 2416 2915 Topica,

606 2935 974 3019 continens,
1001 2935 1318 3028 scriptura
1342 2957 1480 3006 non
1508 2947 1767 3004 tantum
1794 2935 2037 3005 diversa
2064 2960 2102 3003 a
2132 2936 2418 3028 reliquis,

604 3048 716 3117 sed
774 3047 964 3117 simili
1024 3046 1241 3139 potius
1294 3046 1470 3129 eius,
1533 3068 1733 3139 quam
1793 3046 1865 3116 in
1912 3048 1970 3115 A
2026 3047 2416 3118 notavimus:

601 3184 938 3255 quumque
984 3159 1059 3229 in
1104 3162 1162 3229 A
1208 3159 1321 3231 fol.
1374 3164 1482 3229 76.
1531 3159 1774 3252 pariter
1802 3183 1954 3229 cum
1996 3160 2292 3230 extremis
2327 3163 2422 3232 De

601 3275 759 3344 Fato
803 3273 1009 3345 verbis
1056 3273 1411 3366 iungantur
1440 3273 1550 3343 illa
1585 3272 1963 3366 Topicorum
1985 3325 2005 3357 ,
2047 3300 2183 3342 non
2216 3282 2420 3366 potui

600 3398 765 3470 cet„
796 3383 1093 3477 suspicari
1129 3385 1281 3454 licet
1313 3384 1734 3454 dimidiatum
1761 3383 1928 3454 illud
1960 3385 2190 3455 folium
2219 3386 2413 3457 desti-

603 3511 836 3567 natum
860 3496 1050 3567 fuisse
1076 3497 1467 3590 complendo
1499 3495 1592 3566 illi
1619 3495 1817 3580 libro,
1842 3497 1929 3566 ab
1953 3497 2184 3568 eodem
2208 3498 2413 3569 libra·-

603 3611 700 3681 rio
745 3610 1145 3703 profectum,
1208 3632 1329 3679 nec
1377 3608 1497 3679 nisi
1546 3632 1693 3678 casu
1744 3609 2123 3679 translatum
2169 3633 2299 3680 esse
2343 3612 2413 3680 in

602 3722 883 3792 alterum
905 3721 1233 3804 volumen,
1260 3746 1298 3791 a
1317 3719 1499 3791 cuius
1520 3720 1831 3814 scriptura
1855 3721 2195 3795 manifesto
2218 3724 2415 3817 longe

602 3836 824 3907 distet.
928 3835 1230 3920 Accedit,
1292 3835 1475 3927 quod
1520 3835 1593 3904 in
1640 3837 1691 3903 B
1738 3834 1955 3905 omnia
1999 3849 2176 3905 recte
2201 3836 2412 3906 conti-

601 3963 896 4020 nuantur
955 3949 1259 4041 deinceps
1304 3971 1510 4040 usque
1567 3948 1657 4016 ad
1713 3948 1907 4017 verba
1954 3971 2097 4040 cap.
2151 3957 2227 4030 5,
2291 3954 2411 4031 28,

600 4067 1159 4153 iurisperitorum
1186 4066 1626 4142 auctoritate,
1663 4061 1900 4127 edictis
1934 4064 2160 4153 mugit
2179 4113 2196 4142 ,
2228 4062 2408 4154 quod

602 4189 998 4266 postremum
1039 4172 1422 4245 vocabulum
1469 4173 1710 4243 diversa
1762 4172 2074 4263 scriptura
2118 4174 2408 4263 expletur
