3131 5032
795 426 926 493 428
1480 422 1624 490 LIB-
1669 422 1734 508 1,
1781 426 1898 501 20,
1942 428 2052 494 53.

788 652 914 692 esse
963 631 1423 692 controversiam
1441 676 1461 707 ,
1518 637 1590 690 ut
1637 631 1764 690 iam
1815 629 2140 691 diiudicari
2178 631 2361 709 possit
2378 675 2398 706 ‚
2447 630 2642 712 idque
2691 653 2766 693 se

786 734 1112 813 aliquando
1161 733 1483 794 facturum.
1583 731 1635 791 Ν
1638 752 1793 812 eque
1842 740 2046 794 tamen
2093 733 2336 813 vulgata
2386 734 2573 797 lectio
2625 755 2763 798 non

783 834 1170 896 commodum
1208 854 1444 895 sensum
1482 833 1750 913 praebet.

861 938 907 1019 §
947 937 1045 999 53.
1126 939 1198 998 L.
1262 938 1479 1020 Gellio)
1569 936 1986 997 Turbaverunt
2035 931 2104 995 in
2152 937 2272 997 hoc
2323 936 2576 997 homine
2627 938 2756 998 viri

783 1041 964 1101 docti.
1044 1041 1320 1102 Ioculare
1364 1047 1529 1101 certe
1578 1039 1736 1099 illud
1780 1046 1866 1098 est
1880 1084 1900 1115 ‚
1939 1038 2108 1119 quod
2141 1040 2211 1100 in
2243 1040 2381 1100 Ind.
2417 1040 2635 1103 nister.
2669 1061 2757 1102 ex

781 1144 1030 1204 Ernesto
1074 1144 1319 1223 repetiit
1356 1141 1666 1202 Schutziun
1682 1187 1702 1218 ,
1741 1141 1910 1201 hune
1944 1143 2010 1204 L.
2046 1142 2313 1203 Gellium
2343 1142 2589 1204 fortasse
2621 1163 2754 1204 esne

781 1266 959 1322 eum,
1022 1265 1209 1325 quem
1269 1244 1346 1305 ad
1395 1243 1526 1305 niv.
1579 1244 1668 1319 X,
1728 1243 1836 1321 17,
1896 1245 1953 1305 3.
2053 1245 2260 1306 Cicero
2323 1253 2618 1307 memorat
2674 1254 2753 1306 ut

779 1358 1189 1428 praesentem:
1231 1348 1403 1428 atqui
1434 1346 1660 1427 scripta
1697 1355 1784 1408 est
1817 1346 1923 1407 illa
1959 1347 2212 1427 epistola
2241 1348 2314 1410 A.
2332 1349 2400 1409 U.
2430 1349 2547 1411 711
2568 1394 2594 1426 ³.
2628 1350 2751 1412 hoc

779 1458 984 1511 autem
1027 1451 1207 1530 Legg.
1252 1450 1389 1511 loco
1420 1470 1616 1510 sermo
1648 1459 1737 1510 est
1770 1448 1849 1509 de
1884 1458 2141 1512 mortuo.
2222 1450 2450 1511 Rursus
2486 1451 2749 1513 Goeren-

776 1553 906 1614 zius
935 1554 1240 1614 diversum
1274 1574 1397 1615 esse
1428 1562 1603 1634 putat
1633 1553 1699 1614 1..
1720 1553 1985 1614 Gellium
2001 1600 2020 1630 ‚
2059 1561 2400 1633 praetorem
2425 1553 2499 1615 A.
2516 1554 2583 1614 U.
2602 1554 2747 1633 667,

779 1656 976 1740 (Pigh.
1008 1658 1168 1720 Anu.
1202 1658 1265 1718 T.
1286 1657 1397 1718 111.
1439 1676 1501 1735 p.
1534 1653 1710 1738 293),
1751 1657 1828 1717 ab
1861 1675 1935 1717 eo
1966 1656 2078 1736 qui
2114 1655 2188 1717 A.
2225 1656 2291 1718 U.
2327 1654 2444 1718 681
2484 1656 2703 1717 Consul
2723 1703 2746 1735 ,

775 1768 837 1822 et
889 1759 1008 1822 683
1058 1761 1276 1822 Censor
1327 1759 1467 1821 fuit.
1545 1759 1849 1820 Nimirum
1883 1765 2077 1819 totum
2111 1759 2270 1818 illud
2287 1804 2307 1835 ‚
2346 1759 2427 1820 de
2461 1768 2748 1838 praetura

773 1862 848 1924 A.
881 1863 950 1924 U.
987 1863 1108 1926 667
1123 1909 1143 1940 ,
1182 1861 1359 1922 finxit
1408 1862 1659 1941 Pighius
1707 1882 1784 1922 ex
1828 1860 1976 1923 falsa
2008 1860 2195 1923 huius
2227 1862 2347 1923 loci
2380 1863 2748 1942 interpreta—

774 1966 969 2041 tione,
1003 1965 1175 2044 quasi
1202 1985 1327 2026 non
1351 1965 1418 2024 in
1449 1964 1762 2026 Graeciam
1790 1965 2165 2043 provinciam
2196 1965 2453 2025 venisset
2480 1965 2710 2027 Gellius
2720 2011 2744 2045 ,

774 2066 883 2127 aed
928 2087 1040 2147 per
1090 2067 1399 2128 Graeciam
1448 2068 1567 2126 iter
1611 2066 1846 2127 fecisset
1890 2067 1959 2127 in
2004 2067 2295 2128 Achaiam
2327 2066 2740 2149 provinciam3

772 2170 981 2248 itaque
1012 2171 1129 2230 hoe
1160 2170 1412 2230 illorum
1443 2177 1787 2248 temporum
1817 2168 2000 2230 fuisse
2018 2216 2038 2247 ‚
2076 2171 2300 2251 quibus
2330 2171 2461 2250 ipsa
2496 2171 2746 2234 Graecia

773 2271 970 2332 libera
1018 2279 1187 2333 esset.
1284 2272 1617 2352 Receperat
1667 2291 1809 2332 sane
1849 2272 1958 2334 illo
1998 2293 2158 2335 auno
2196 2273 2464 2334 Athenae
2505 2274 2672 2335 Sulla
2706 2293 2746 2335 a

776 2376 1036 2437 ducibus
1069 2375 1425 2437 mithridatis
1455 2375 1678 2458 (quum
1711 2375 1974 2438 Athenio
2008 2383 2296 2456 tyrannus
2328 2376 2545 2437 urbem
2577 2386 2746 2438 tene-

771 2485 871 2541 ret
885 2477 932 2562 3)
971 2479 1076 2540 sed
1120 2489 1183 2541 et
1212 2487 1353 2542 ante
1384 2478 1532 2541 inde
1565 2500 1604 2543 a
1641 2480 1956 2559 Mummio,
1996 2487 2060 2541 et
2087 2487 2221 2559 post
2251 2478 2450 2542 Attica
2478 2480 2746 2544 Aehaiae

771 2584 1119 2663 provinciae
1146 2592 1206 2644 et
1235 2583 1482 2644 nomine
1512 2592 1575 2644 et
1597 2583 1947 2645 conditione
1976 2583 2418 2645 continebatur.
2500 2585 2746 2647 Meliora

773 2685 1064 2748 docuerat
1111 2686 1361 2765 Pighius
1409 2688 1472 2750 Τ.
1527 2687 1611 2747 11.
1652 2707 1714 2767 p.
1765 2686 1912 2749 457:
1966 2686 2125 2748 conf.
2164 2687 2437 2748 Heinsius
2475 2688 2553 2748 ad
2587 2688 2743 2751 vell.

770 2786 896 2849 Pat.
947 2789 978 2848 1
995 2835 1014 2865 ‚
1078 2787 1153 2849 12
1169 2834 1189 2865 ‚
1249 2789 1306 2850 1.
1402 2789 1477 2849 Et
1526 2790 1597 2848 in
1654 2791 1967 2850 Graeciam
2016 2792 2215 2850 venire
2251 2789 2330 2850 de
2372 2789 2642 2851 adventu
2669 2791 2742 2850 in

769 2889 1146 2971 provinciam
1195 2889 1620 2971 accipiendum
1673 2898 1760 2950 est
1779 2936 1798 2966 ‚
1855 2890 2012 2950 sicut
2061 2889 2246 2951 Aead.
2283 2890 2346 2949 11
2363 2936 2383 2967 ‚
2429 2891 2458 2950 1
2484 2938 2502 2969 ,
2543 2890 2616 2968 2,
2661 2891 2740 2954 de

769 2990 1061 3070 Lucullo,
1101 2994 1172 3053 in
1205 2995 1423 3056 Asiam
1452 2995 1635 3054 venit.
1719 2993 1938 3054 Contra
1975 2993 2136 3056 Orat.
2174 2994 2236 3069 1,
2277 2992 2385 3070 18,
2420 2992 2535 3072 82,
2559 3016 2740 3075 qum

759 3116 875 3177 pro
911 3097 1145 3158 consule
1177 3099 1249 3157 in
1286 3097 1564 3159 Ciliciam
1593 3088 1982 3178 Proficiscens
2015 3096 2283 3158 Athenae
2312 3098 2635 3158 venissem.-
2674 3106 2738 3158 et

769 3198 856 3260 sic
908 3200 1045 3260 aliis
1091 3200 1241 3260 locis
1283 3200 1404 3261 iter
1436 3220 1473 3261 a
1501 3199 1816 3280 provincia
1847 3199 2221 3279 distinguere
2253 3199 2404 3261 solet
2417 3247 2437 3278 ,
2479 3209 2550 3262 ut
2584 3200 2735 3263 ibid.

771 3300 883 3379 11,
927 3301 1024 3362 45.
1064 3302 1231 3364 Brut.
1281 3303 1417 3364 init.
1468 3301 1546 3362 ad
1594 3302 1728 3363 niv.
1759 3300 1871 3379 IV,
1912 3303 1980 3380 5,
2021 3301 2080 3363 4.
2161 3301 2340 3363 Istius
2368 3303 2560 3384 igitur
2590 3305 2737 3365 anni

767 3414 1108 3483 praetorem
1158 3405 1520 3467 omittamus.
1604 3405 1890 3486 Sequitur
1938 3405 2197 3466 Orellius
2210 3452 2230 3482 ,
2270 3405 2438 3488 (nam
2479 3408 2735 3469 Hoeerus

770 3505 931 3565 nihil
981 3505 1256 3566 habuisse
1304 3506 1548 3566 videtur
1582 3506 1649 3565 in
1699 3526 1822 3586 quo
1852 3506 2159 3586 haereret)
2193 3510 2304 3587 qui
2337 3510 2405 3569 in
2433 3509 2731 3573 Onomast.

635 3633 641 3639 ·
771 3606 1027 3666 Tullian.
1061 3627 1123 3686 p.
1157 3608 1298 3670 269.
1332 3609 1402 3685 b,
1442 3628 1627 3687 quem
1665 3609 1872 3671 Cicero
1903 3610 2069 3671 Brut.
2107 3610 2223 3687 27,
2269 3611 2415 3689 105,
2439 3614 2732 3693 familia-

772 3728 895 3768 rem
947 3719 1210 3769 nostrum
1263 3709 1559 3789 appellat,
1619 3710 1904 3772 eumdem
1951 3713 2133 3774 fuisse
2184 3713 2517 3793 suspicatur
2552 3723 2730 3795 atque

774 3812 839 3872 1..
900 3811 1198 3889 Gellium,
1257 3831 1442 3892 quem
1493 3811 1645 3875 ibid.
1701 3814 1783 3876 47
1802 3862 1820 3893 ‚
1881 3815 2035 3893 174,
2095 3816 2314 3894 Crassi,
2371 3818 2623 3878 Antonii
2672 3825 2733 3877 et

773 3914 1042 3996 Philippi
1099 3916 1279 3976 aetati
1338 3915 1732 3978 coniunctum
1796 3929 2089 3980 memorat
2155 3929 2468 3982 oratorem.
2576 3921 2731 3982 Fieri

774 4027 969 4098 potest
1017 4036 1189 4079 sane:
1251 4017 1439 4080 Carbo
1500 4030 1758 4082 mortem
1815 4022 1930 4082 sibi
1991 4023 2281 4084 conscivit
2330 4024 2403 4086 A.
2452 4025 2520 4085 Π.
2573 4023 2693 4087 634
2709 4068 2728 4099 ‚

776 4142 960 4200 quem
1016 4121 1356 4187 adolescens
1405 4121 1620 4185 audire
1671 4123 1870 4203 potuit
1910 4123 2140 4186 Gellius
2157 4169 2178 4201 ,
2210 4126 2368 4187 sicut
2398 4125 2730 4190 Antonium
