3131 5032
751 502 945 550 XXXVI

756 684 962 778 (quod
1012 697 1154 752 turn
1203 683 1289 750 de
1339 680 1475 749 aliis
1514 694 1584 749 et
1628 677 2015 748 deAsconio
2033 728 2051 758 ,
2100 688 2244 746 tum
2280 677 2366 745 de
2396 681 2723 751 Frontone

750 796 1041 865 novimus
1085 818 1163 863 ex
1193 792 1327 862 eius
1356 791 1552 883 Epist.
1587 792 1672 860 ad
1705 790 1958 860 Amicos
1986 793 2083 870 11,
2124 790 2215 879 2.)
2250 813 2453 881 eaque
2485 816 2677 885 θρα-ιι
2696 843 2718 876 ,

745 930 1139 1000 quamquam
1187 907 1382 975 docta
1402 956 1420 986 ‚
1470 927 1658 995 saepe
1707 918 1925 972 tamen
1961 927 1998 971 a
2032 925 2181 972 vero
2225 903 2572 973 abduxerit
2602 929 2721 974 neu

745 1042 913 1089 cesse
957 1034 1090 1100 est,
1136 1017 1227 1085 ita
1280 1030 1359 1084 ut
1405 1040 1480 1085 ex
1528 1015 1978 1106 antiquissimis
2022 1013 2369 1085 Codicibus
2397 1016 2587 1085 nobis
2614 1019 2715 1085 vel

743 1130 1132 1225 sagacissime
1158 1128 1581 1199 odorantibus
1605 1127 1878 1198 rhetoris
1901 1126 2114 1218 potius
2136 1126 2472 1196 restituere
2485 1151 2714 1197 emen·

743 1243 1106 1323 dationem,
1132 1264 1266 1310 non
1293 1263 1506 1309 veram
1521 1239 1839 1309 Ciceronis
1859 1262 2128 1308 manum
2154 1238 2530 1331 contingat3
2551 1241 2714 1331 quid

744 1352 1243 1444 exspectandum
1288 1352 1410 1420 erit
1441 1349 1513 1417 in
1540 1351 1640 1419 his
1663 1350 1842 1419 libris
1865 1353 1958 1419 De
1988 1351 2286 1443 Legibus.
2322 1375 2484 1442 quos
2512 1352 2712 1444 suspi-

743 1488 857 1534 cor
888 1486 1248 1555 numquam
1282 1462 1704 1532 emendatos
1684 1486 1754 1531 m
1787 1463 2135 1532 doctorum
2167 1462 2450 1532 virorum
2482 1487 2712 1534 manus

739 1575 1025 1646 venisse?

833 1690 962 1757 Sed
1007 1710 1221 1778 neque
1269 1688 1340 1756 in
1387 1686 1521 1756 aliis
1569 1683 2000 1757 voluminibus
2019 1735 2038 1766 ,
2086 1706 2209 1756 neo
2254 1698 2433 1754 certe
2475 1686 2545 1755 in
2585 1684 2719 1760 hoc⁴

745 1803 1097 1896 quicquam
1129 1804 1467 1893 quisquam
1500 1800 1742 1869 efficiet
1783 1800 1965 1892 quod
2003 1823 2234 1893 operae
2277 1800 2561 1892 pretium
2590 1801 2712 1884 sit,

742 1913 879 1983 sine
921 1914 1405 2006 diligentissimo
1454 1914 1672 1983 studio
1707 1928 1775 1982 et
1805 1936 1954 1983 vero
2001 1937 2184 1983 sensu
2219 1913 2522 1984 orationis
2551 1913 2707 1983 'rul-

743 2024 985 2093 lianae:
1032 2048 1153 2093 nec
1180 2024 1319 2123 ‘ulla
1350 2047 1448 2092 res
1483 2049 1614 2093 una
1649 2039 1776 2107 est,
1821 2048 1989 2116 quae
2021 2025 2221 2117 magis
2260 2038 2373 2093 aut
2404 2038 2710 2116 percepta

742 2150 925 2226 regat
990 2134 1332 2217 iudicium,
1408 2148 1523 2203 aut
1588 2134 1885 2204 debilitet
1951 2135 2266 2226 ignorata.
2377 2137 2710 2217 Quantum

743 2260 961 2315 autem
1010 2248 1326 2316 damnum
1375 2245 1598 2316 iecerit
1617 2298 1635 2329 ,
1682 2246 1953 2315 interitu
1987 2246 2176 2315 huius
2213 2246 2419 2337 operis
2451 2250 2711 2318 Cicero—

742 2358 919 2427 niani
940 2410 958 2440 ‚
1021 2358 1351 2427 literarum
1412 2358 1781 2427 Latinarum
1832 2358 2120 2427 studium
2143 2408 2161 2440 ,
2222 2373 2406 2428 tanto
2455 2360 2708 2451 gravius

734 2471 1083 2553 sentietur,
1114 2471 1164 2539 si
1194 2471 1603 2563 reputabitur
1626 2494 1821 2563 quam
1844 2471 1912 2538 in
1941 2471 2293 2561 domestico
2323 2484 2708 2564 argumento

737 2597 1123 2665 versaretur,
1167 2606 1495 2675 quamque
1534 2584 1627 2651 ita
1674 2597 1849 2652 totus
1886 2607 2034 2651 suus
2075 2597 2235 2652 esset
2269 2582 2521 2666 Cicero,
2568 2606 2705 2653 non

739 2694 983 2764 alienus
1034 2718 1247 2786 neque
1291 2719 1367 2763 ex
1402 2695 1825 2764 transmarina
1858 2694 2153 2765 doctrina
2184 2697 2505 2786 pendens,
2540 2695 2707 2767 sicut

741 2807 811 2875 in
839 2806 1060 2875 multis
1089 2808 1178 2876 de
1203 2807 1600 2898 philosophia
1630 2807 1827 2878 libris.
1919 2811 2148 2899 Itaque
2174 2830 2308 2876 non
2335 2823 2500 2898 puto
2522 2808 2707 2877 fiatu-

741 2941 890 2988 rum
934 2920 1125 2988 fuisse
1169 2934 1246 2989 ut
1289 2918 1359 2987 in
1413 2919 1586 2987 illam
1648 2919 1878 2988 iustam
1923 2918 2474 3010 reprehensionem
2496 2972 2513 3002 ,
2577 2944 2703 3011 qua

737 3032 878 3101 illos
921 3031 1120 3101 libros
1151 3031 1609 3121 complectitur
1645 3031 1988 3123 Madvigius
2020 3030 2088 3097 in
2121 3031 2259 3099 fine
2289 3031 2704 3101 Praefationis

739 3143 827 3212 ad
861 3142 1214 3212 editionem
1245 3143 1557 3212 librorum
1588 3146 1679 3211 De
1706 3144 2001 3226 Finibus,
2035 3144 2412 3213 includendi
2440 3166 2703 3236 quoque

739 3254 809 3321 hi
852 3268 1060 3322 essent
1100 3257 1194 3322 De
1224 3255 1496 3346 Legibus
1530 3255 1700 3324 libri.
1793 3255 1949 3339 Quis
1979 3278 2112 3325 non
2152 3271 2480 3352 praeterea
2513 3271 2703 3349 grato

740 3365 961 3434 animo
990 3366 1329 3457 accepisset
1354 3367 1672 3438 Ciceronis
1697 3368 1795 3436 vel
1823 3369 1910 3436 de
1934 3369 2125 3438 rebus
2138 3370 2441 3439 Romanis
2471 3383 2702 3439 auoto-
2807 3369 2816 3375 ⁴

739 3477 1038 3561 ritatem,
1085 3479 1182 3546 vel
1236 3479 1322 3547 de
1367 3480 1506 3548 iure
1551 3494 1620 3548 et
1665 3480 1926 3572 publico
1976 3495 2045 3550 et
2089 3480 2289 3566 civili,
2352 3505 2430 3551 ex
2467 3483 2705 3573 quihus

739 3589 1066 3682 principiis
1096 3606 1304 3658 essent
1331 3590 1437 3658 illa
1469 3590 1806 3673 ducenda,
1847 3593 2275 3661 sententiam?
2346 3594 2478 3660 Sed
2513 3607 2702 3668 tanto

692 3725 701 3740 ·
740 3702 944 3794 magis
974 3702 1211 3771 attinet
1243 3726 1445 3794 pauca
1480 3702 1615 3794 ipsa
1638 3753 1656 3783 ,
1685 3726 1853 3795 quae
1885 3720 2257 3795 supersunt,
2290 3727 2500 3775 severo
2529 3705 2702 3774 iudi-

744 3812 846 3883 cio
894 3813 1303 3905 interpretari
1321 3866 1340 3897 ,
1385 3828 1453 3884 et
1500 3839 1538 3884 a
1585 3818 2048 3887 nonnullorum
2085 3817 2439 3910 cupiditate
2468 3832 2539 3888 et
2563 3842 2705 3889 am·

740 3925 988 3995 bitione
1027 3926 1368 3998 vindicare.

1516 4146 1856 4179 -4-
