3131 5032
834 1028 949 1118 M.
1009 1030 1356 1119 'suun
1410 1033 1978 1128 CICERONIS

765 1418 989 1518 DE
1138 1423 2183 1537 LEGIBUS·

974 1815 1263 1887 LIBER
1323 1821 1846 1898 SECUNDUS.

1244 2241 1603 2274 ω·

1119 2549 1135 2578 0

625 2573 790 2677 Sed
836 2603 1063 2695 visne,
1117 2609 1464 2702 quoniam
1519 2624 1628 2683 est
1671 2619 1837 2687 satis
1888 2621 2029 2691 iam
2064 2623 2385 2699 ambula·
2457 2656 2503 2709 1.

436 2732 686 2814 tm¹‚
737 2735 812 2795 et
869 2722 1001 2795 tibi
1045 2722 1242 2796 aliud
1286 2725 1577 2799 dicendi
1622 2734 1910 2806 initium
1951 2743 2387 2817 sumendum
2456 2726 2510 2778 ¹·

440 2853 585 2931 est,
619 2840 856 2915 locum
894 2857 1293 2935 mutemuS,
1333 2861 1407 2918 et
1437 2851 1514 2918 in
1547 2852 1779 2925 insula
1809 2879 1998 2951 quae
2028 2875 2135 2931 est
2168 2865 2242 2933 in
2275 2869 2387 2936 Fi-

439 2957 672 3033 breno
707 2960 902 3058 (nam
933 2960 1010 3034 id
1047 2967 1355 3062 opium-²
1395 2965 1500 3037 illi
1532 2967 1739 3041 alteri
1784 2971 2071 3048 flumini
2119 3005 2387 3058 nomen

431 3081 651 3179 (3305)
691 3086 1012 3155 sermoni
1061 3082 1344 3182 reliquo
1391 3084 1646 3159 demus
1685 3114 1982 3190 operam
2017 3096 2389 3176 sedentes?
2454 3159 2463 3168 .

431 3204 531 3273 M.
559 3205 745 3276 Sane
769 3201 1101 3300 quidem:
1139 3227 1305 3276 nam
1333 3203 1455 3277 illo
1487 3205 1651 3280 loco
1686 3209 2158 3290 libentissime
2190 3221 2388 3296 soleo

431 3324 573 3411 uti,
619 3323 768 3394 sive
818 3321 996 3419 quid
1042 3346 1329 3395 mecum
1376 3328 1528 3425 ipse
1568 3334 1837 3428 cogito,
1876 3337 2024 3409 sive
2058 3339 2332 3438 aliquid
2358 3352 2382 3393 ⁸

432 3440 671 3513 scribo
706 3455 832 3513 aut
863 3440 1044 3541 lego.
1153 3446 1296 3515 Att.
1369 3446 1724 3542 Equidem
1760 3457 1890 3548 qui
1927 3479 2126 3529 nunc
2162 3466 2385 3558 potis·
2452 3485 2506 3538 2.

433 3563 697 3632 simum
744 3560 892 3634 huc
934 3566 1254 3636 venerim
1302 3568 1542 3639 satiari
1590 3593 1740 3640 non
1786 3597 2014 3668 que03
2061 3581 2385 3680 magnifi-

433 3702 693 3778 oesque
726 3680 954 3772 villaS,
991 3696 1066 3754 et
1089 3684 1495 3781 pavimenta
1525 3709 1924 3766 marmorea
1955 3711 2028 3767 et
2060 3697 2387 3797 laqueata

436 3813 619 3874 tecta
655 3816 1078 3874 contemno:
1111 3802 1375 3877 ductus
1410 3831 1584 3881 vero
1620 3835 2005 3909 aquarum,
2044 3842 2232 3914 quos
2267 3826 2383 3893 isti

486 4097 508 4132 ¹
558 4098 810 4165 quoniam
845 4108 901 4151 et
932 4099 1053 4153 ntis
1087 4101 1193 4154 inm
1226 4101 1366 4157 amb.
1401 4116 1499 4159 est.
1600 4107 1625 4145 ²
1675 4124 1796 4162 mm
1835 4111 1878 4178 †
1914 4113 2120 4183 opinor.
2214 4120 2237 4156 ⁸
2281 4117 2389 4171 aive

420 4177 547 4244 quid
582 4189 690 4231 tut.

2013 4289 2091 4360 3.
