3131 5032
707 508 770 549 V!

699 687 1021 778 scriptoris
1042 740 1058 768 ,
1108 688 1263 755 haec
1292 687 1637 776 praecipue
1668 678 2096 754 consideratio
2130 686 2448 756 describet
2470 738 2488 768 ,
2537 710 2674 778 quo

703 801 898 869 modo
927 800 1067 867 fieri
1104 799 1391 889 potuerit
1423 813 1500 865 ut
1535 821 1727 888 prava
1758 797 1949 865 lectio
1984 797 2281 866 oriretur.
2373 802 2455 867 Et
2485 820 2672 889 prae-

701 912 875 980 clare
919 911 1251 979 nobiscum
1302 922 1600 1001 ageretur
1650 908 1699 973 si
1751 921 1888 975 tota
1932 929 2005 974 ea
2049 928 2147 974 res
2179 909 2270 975 ad
2320 909 2527 979 »artis
2573 932 2673 979 re—

702 1022 971 1112 »gulam
993 1028 1054 1101 ‚”
1105 1036 1180 1087 ut
1214 1019 1498 1109 postulat
1530 1017 1879 1107 Madvigius
1898 1067 1916 1096 ,
1946 1019 2221 1087 revocari
2253 1033 2485 1109 posset.
2558 1023 2678 1088 Ars

699 1148 915 1201 autem
934 1182 953 1211 ‚
986 1147 1063 1201 ut
1088 1131 1487 1200 Charmadae
1511 1129 1899 1196 definitione
1925 1143 2075 1198 utar
2101 1132 2277 1222 apud
2306 1131 2670 1200 Ciceronem

697 1248 874 1313 Orat.
915 1249 982 1324 1,
1033 1250 1151 1324 20,
1202 1250 1326 1324 92,
1373 1247 1667 1333 cognitis
1689 1246 2087 1329 penitusque
2103 1249 2469 1331 perspectis
2500 1258 2561 1310 et
2595 1249 2674 1309 in

700 1382 910 1422 venum
964 1362 1220 1421 exitum
1272 1357 1723 1442 spectantibus
1768 1368 1829 1420 et
1875 1377 2245 1441 numnquam
2259 1358 2676 1445 fallentibus

699 1471 893 1534 rehu-r
944 1472 1368 1533 continetur:
1426 1466 1611 1556 quod
1674 1479 1936 1534 tantum
1999 1467 2184 1536 abest*
2242 1480 2318 1559 μί’.
2373 1468 2448 1537 in
2505 1468 2673 1536 hanc

696 1581 946 1657 critices
1011 1593 1265 1669 partem
1324 1579 1556 1657 cadat,
1619 1592 1697 1645 ut
1756 1577 1930 1647 nulla
1995 1578 2212 1649 facile„
2248 1579 2678 1649 cosmiden-atio

695 1692 895 1783 magis
954 1714 1190 1781 anceps
1249 1689 1588 1781 excogitari
1643 1689 1870 1778 possit.-
1968 1690 2126 1772 Quis
2181 1691 2478 1779 profecto
2537 1704 2672 1770 est,

695 1804 809 1894 qui
844 1803 1124 1894 primum
1170 1803 1578 1870 librariorum
1615 1822 1856 1869 errores
1891 1801 1977 1867 ad
2019 1814 2194 1869 certa
2229 1824 2465 1892 genera
2502 1804 2672 1873 redi-

691 1929 841 2006 gat,
888 1930 1004 1983 aut
1052 1936 1273 1982 eorum
1324 1914 1420 1981 vel
1468 1912 1791 1981 levitatem
1817 1963 1834 1992 ‚
1879 1913 1977 1981 vel
2017 1913 2401 2005 imperitiam
2434 1915 2672 1985 defini·-

698 2026 877 2095 tione
910 2041 977 2095 et
1006 2025 1310 2093 divisione
1350 2025 1862 2115 comprehendat
1881 2077 1898 2108 ,
1945 2026 2059 2116 qui
2094 2026 2247 2096 olim
2285 2026 2451 2117 ipsos
2480 2028 2671 2097 Codi-

699 2160 803 2206 ces
862 2139 1208 2205 emendare
1263 2138 1655 2206 voluerunt?
1759 2139 1841 2207 ln
1898 2138 1976 2206 iis
2035 2138 2219 2228 ipsis,
2283 2139 2398 2229 qui
2451 2140 2674 2211 iactari

697 2253 906 2320 solent
937 2251 1151 2339 §entes
1184 2272 1475 2318 errorum
1497 2300 1513 2329 ,
1560 2249 1753 2341 longe
1790 2249 2095 2340 pleraque
2127 2250 2458 2340 duplicem
2490 2274 2669 2323 eam-

701 2386 832 2454 que
850 2362 1237 2432 contrariam
1261 2362 1507 2429 habent
1531 2362 2129 2452 interpretationem
2155 2375 2223 2429 et
2248 2387 2453 2433 usum.
2513 2367 2672 2433 Nam

703 2490 771 2544 et
800 2474 1170 2565 interpolari
1202 2497 1388 2565 saepe
1408 2526 1425 2556 ,
1471 2488 1542 2542 et
1576 2499 1789 2544 rursus
1820 2474 2035 2544 omitti
2065 2475 2376 2548 voeabula
2407 2476 2669 2557 dicuntg

701 2589 893 2680 iungi
934 2610 1270 2679 perperam
1321 2587 1621 2679 syllabaS,
1686 2601 1755 2654 et
1801 2587 2114 2679 disiungi,
2163 2602 2308 2656 tum
2355 2589 2676 2680 pennata

704 2701 1025 2769 scribendi
1074 2701 1271 2768 modo
1316 2714 1383 2768 et
1425 2700 1633 2768 forma
1674 2713 1808 2766 tam
1838 2699 2066 2766 similia
2093 2714 2162 2768 et
2194 2700 2369 2789 paria
2401 2701 2574 2769 inter
2607 2723 2675 2769 se

704 2836 868 2895 esse,
916 2828 995 2880 ut
1045 2814 1180 2880 fere
1226 2825 1600 2880 constanter
1637 2825 2147 2879 commutentur.
2251 2812 2675 2902 Implicatius—

703 2949 833 3015 que
870 2924 1063 2992 etiam
1113 2925 1196 2990 fit
1243 2922 1579 2990 iudicandi
1631 2922 2004 3013 negotium,
2067 2944 2276 3011 quum
2326 2923 2560 2992 dieunt
2604 2946 2678 2993 ex

703 3061 840 3105 uno
886 3037 1081 3104 veteri
1138 3037 1375 3104 mendo
1409 3036 1588 3102 aliud
1619 3032 1970 3100 necessario
2004 3045 2225 3099 ortum
2259 3045 2389 3101 ease
2420 3036 2676 3106 debere.

708 3151 922 3236 Atque
948 3145 1178 3214 horum
1209 3145 1499 3213 omnium
1529 3143 1802 3211 maxime
1823 3141 2301 3211 inconstantem
2326 3158 2444 3212 aut
2465 3145 2683 3234 potius

708 3258 954 3326 nullam
982 3281 1109 3325 esse
1131 3258 1476 3335 rationem,
1508 3268 1684 3322 certe
1710 3253 1958 3320 nullam
1985 3266 2221 3336 artem,
2241 3269 2387 3324 tum
2407 3257 2684 3326 maxime

710 3369 1080 3438 crederetur
1098 3421 1115 3451 ,
1162 3369 1211 3435 si
1230 3420 1247 3449 ‚
1296 3389 1465 3457 quae
1497 3367 1567 3433 in
1600 3388 1734 3433 uno
1768 3365 2103 3456 alteroque
2130 3382 2347 3436 vetere
2371 3369 2684 3460 soeiptore

706 3485 920 3550 factae
947 3496 1098 3548 sunt
1130 3478 1559 3569 complurium
1590 3478 1902 3546 Codicum
1929 3478 2305 3550 collationes
2322 3532 2340 3562 ,
2365 3505 2470 3550 eas
2501 3496 2681 3551 certo

708 3596 995 3687 quodam
1045 3594 1274 3661 ordine
1326 3592 1500 3659 inter
1546 3615 1614 3659 se
1662 3613 2052 3681 componere
2094 3592 2238 3683 quis
2277 3595 2680 3686 suscepisset,

703 3709 803 3776 ita
858 3721 934 3775 ut
984 3729 1118 3775 uno
1159 3719 1506 3795 conspectu
1563 3726 1829 3771 cernere
1874 3704 2094 3773 liceret
2137 3719 2304 3795 quot
2353 3707 2562 3775 modis
2609 3707 2682 3774 in

712 3819 942 3886 eadem
992 3839 1062 3883 re
1106 3817 1302 3883 errari
1352 3816 1641 3906 potuerit
1661 3865 1678 3896 ‚
1743 3829 1809 3882 et
1857 3816 1993 3885 fere
2032 3816 2283 3907 quidvis
2314 3840 2390 3885 ex
2423 3817 2681 3907 quovis,

713 3945 792 3998 ut
837 3930 1056 4009 aiunt,
1101 3929 1347 3996 factum
1389 3952 1536 3996 ease.
1628 3931 1771 3997 Non
1802 3930 2040 3997 attinet
2072 3931 2197 3999 hoc
2232 3932 2532 4023 exemplis
2561 3933 2684 4000 de*

717 4056 1070 4111 monstare:
1108 4055 1367 4109 tantum
1399 4041 1578 4122 dico,
1615 4065 1749 4110 non
1775 4056 1985 4108 artem
2019 4064 2148 4109 esse
2175 4043 2406 4111 harum
2437 4067 2681 4127 remm,

718 4157 899 4224 cuius
927 4169 1103 4223 certa
1146 4165 1481 4244 praecepta
1510 4169 1629 4222 aut
1661 4176 1932 4244 ponem,
1967 4168 2082 4222 aut
2112 4155 2291 4244 sequi
2320 4156 2536 4238 liccat,
2568 4157 2681 4224 aed
