3131 5032
700 679 982 774 Eiusque
1016 678 1318 772 exemplo
1365 691 1433 747 ct
1471 680 1862 748 auctoritate
1908 679 2219 748 commoti
2259 681 2633 774 complures

697 820 839 878 tum
902 806 1334 894 exstiterunt,
1385 806 1503 899 qui
1559 807 1628 874 in
1670 804 1902 875 eadem
1949 805 2145 876 laude
2180 806 2593 878 elaborarent
2615 861 2634 896 ‚

688 934 1052 1029 iisdemque
1087 934 1287 1002 etiam
1326 954 1481 1002 cum
1524 932 1840 1002 Cicerone
1872 933 2449 1006 exercitationibus
2490 947 2631 1018 ute,

687 1074 941 1131 rentur.
1042 1061 1110 1130 Si
1177 1061 1519 1154 quaeritur
1578 1060 1757 1130 visne
1809 1058 1977 1130 facta
2035 1057 2235 1130 fuerit
2287 1061 2375 1130 ita
2421 1060 2632 1130 Latini

685 1160 1002 1258 sermonis
1062 1187 1322 1279 ingenio
1343 1240 1361 1274 ‚
1412 1186 1842 1281 mitigataque
1887 1187 2184 1281 priorum
2246 1189 2636 1258 auctoritate

686 1314 1005 1384 interierit
1025 1366 1045 1404 ‚
1095 1329 1212 1384 aut
1261 1326 1442 1384 certe
1498 1312 1810 1408 corrupta
1861 1311 2062 1384 fuerit
2115 1337 2268 1383 vera
2308 1327 2378 1384 et
2417 1316 2636 1385 nativa

681 1454 751 1510 et
783 1442 1055 1535 antiqua
1099 1441 1406 1512 orationis
1451 1453 1762 1511 venustas
1780 1492 1800 1529 ‚
1848 1440 2147 1511 dandum
2195 1441 2448 1535 aliquid
2491 1465 2634 1512 oese

682 1568 916 1660 opinor
991 1568 1301 1638 Romanis
1382 1567 1541 1661 ipsis
1571 1619 1590 1654 ‚
1665 1590 1953 1661 quorum
2023 1567 2501 1661 approbatione
2562 1580 2634 1638 et

682 1692 924 1788 plausu
961 1693 1073 1764 illa
1107 1694 1440 1765 volumina
1485 1694 2029 1789 excipiebantur:
2081 1695 2321 1764 nostris
2356 1692 2630 1764 homini·

678 1819 843 1909 bus,
917 1822 970 1890 si
1031 1820 1263 1890 iisdem
1334 1822 1553 1888 minus
1611 1818 2031 1888 delectantur
2058 1872 2077 1907 ‚
2129 1818 2631 1889 concedendum

678 1958 823 2034 est,
875 1968 1004 2015 non
1074 1945 1274 2033 item,
1323 1945 1378 2013 si
1430 1945 1651 2014 minus
1706 1945 2001 2014 Romana
2044 1967 2121 2015 ea
2168 1967 2310 2016 esse
2352 1957 2630 2015 conten-

674 2072 868 2143 dunt.
969 2073 1051 2142 Et
1081 2093 1451 2143 sermonem
1483 2071 1759 2165 quidem
1793 2072 2014 2165 ipsum
2053 2072 2362 2142 Latinum
2383 2125 2404 2162 ‚
2444 2073 2630 2166 quod

674 2200 940 2271 dicendi
995 2199 1167 2270 bene
1215 2197 1684 2292 scribendique
1735 2197 2250 2269 fnmdamentum
2289 2198 2577 2271 habetur
2602 2254 2622 2289 ,

673 2351 919 2422 purum
984 2339 1053 2397 et
1110 2328 1443 2420 integrum
1507 2328 1824 2397 servavit:
1896 2325 2254 2397 artificium
2315 2329 2371 2398 si
2441 2327 2626 2422 quod

673 2456 942 2527 accessit
963 2507 983 2545 ‚
1034 2453 1228 2549 longe
1260 2453 1661 2557 plerumque
1694 2452 2017 2526 eiusmodi
2061 2477 2205 2527 esse
2244 2453 2582 2528 videbitur
2601 2507 2623 2545 ‚

672 2583 871 2678 quale
922 2606 1057 2653 non
1107 2582 1233 2653 nisi
1276 2581 1363 2651 ab
1418 2604 1499 2652 eo
1543 2580 1872 2676 proficisci
1918 2584 2212 2676 potuerit
2232 2634 2252 2670 ,
2301 2584 2420 2677 qui
2457 2583 2627 2677 quid

670 2725 929 2782 rectum
984 2723 1054 2780 et
1099 2731 1253 2780 vere
1299 2708 1660 2805 pulchrum
1704 2723 1877 2781 esset
1934 2708 2415 2780 absolutissima
2464 2710 2622 2778 ima-

671 2838 820 2931 gine
847 2839 1068 2922 animo
1100 2839 1492 2907 intueretur.
1560 2839 1706 2907 Non
1742 2838 1899 2908 satis
1935 2849 2038 2908 est
2067 2835 2230 2926 hoc,
2269 2839 2617 2930 inquiunt,

671 2964 756 3033 ad
826 2951 1027 3035 totius
1094 2963 1440 3035 cuiusdam
1509 2962 1863 3033 voluminis
1940 2962 2619 3048 commendationemz,

668 3090 855 3159 cuius
914 3088 1314 3180 praestantia
1385 3108 1518 3155 non
1577 3085 1992 3177 singularum
2045 3086 2338 3178 partium
2398 3087 2619 3182 perfe-

666 3215 882 3285 ctione
943 3226 1013 3284 et
1073 3214 1278 3305 gratia
1303 3264 1323 3302 ‚
1373 3211 1494 3283 sed
1548 3213 1727 3283 iusto
1784 3210 2051 3282 illarum
2109 3213 2434 3284 virtutum
2490 3239 2619 3287 usu

662 3342 957 3413 cernitur
1022 3353 1091 3410 et
1153 3341 1649 3434 temperatione.
1768 3335 1956 3427 Quis.
1995 3338 2243 3435 neget?
2358 3341 2490 3411 Sed
2555 3344 2610 3414 si

666 3468 1122 3565 compluribus
1184 3467 1342 3539 locis
1407 3468 1668 3561 ingenio
1738 3468 1988 3541 abusus
2049 3482 2152 3541 est
2214 3469 2444 3541 Cicero
2467 3523 2487 3560 ‚
2558 3472 2614 3541 si

666 3611 931 3695 praeter
962 3597 1233 3667 modum
1266 3618 1768 3690 nonnumquam
1797 3597 2296 3668 admirationem
2327 3600 2611 3669 excitare

665 3740 735 3798 et
776 3739 1115 3820 tamquam
1152 3722 1490 3796 effundere
1521 3723 1897 3794 inveniendi
1917 3724 2319 3819 dicendique
2354 3724 2612 3795 divitias

667 3852 1189 3948 deprehenditur
1207 3905 1227 3942 ,
1277 3852 1609 3923 idcircone
1654 3854 1873 3923 minus
1919 3876 1998 3923 ea
2040 3856 2180 3947 ipsa
2223 3876 2345 3948 per
2391 3876 2462 3925 se
2503 3854 2611 3922 di·

666 3980 930 4073 ligenda
961 3978 1175 4050 sunt?
1273 3980 1417 4050 Sint
1454 3981 1656 4073 igitur
1692 3979 1802 4048 illa
1837 3981 2036 4049 animi
2073 3982 2293 4074 potius
2333 3995 2606 4075 peccata

667 4133 870 4203 quam
934 4108 1215 4201 ingenii,
1268 4108 1336 4175 in
1390 4129 1468 4177 eo
1525 4107 1814 4178 notanda
1878 4110 1994 4201 qui
2059 4107 2200 4178 aliis
2273 4108 2562 4180 multum
2588 4158 2606 4192 ‚
