3131 5032
1290 483 1386 559 47

372 700 806 786 finiunto‚
870 722 1272 796 quaeque
1334 702 1739 796 quoique
1807 698 2009 772 divo
2061 699 2315 773 deco·

370 843 506 893 rae
551 832 1037 919 grataeque
1074 822 1253 889 sint
1283 817 1623 891 hostiae
1660 819 2203 918 providento.

461 940 892 1032 Divisque
959 936 1164 1008 aliis
1230 936 1384 1008 alii
1447 937 1983 1031 sacerdotes,
2044 944 2321 1012 omni-

368 1058 531 1132 bus
584 1055 1101 1156 pontifices,
1157 1057 1532 1155 singulis
1592 1057 2002 1131 flamines
2040 1073 2316 1131 sunto.

464 1180 1048 1275 Virgine-sque
1125 1176 1494 1250 vestales
1581 1182 1668 1249 in
1756 1178 1971 1251 urbe
2034 1192 2320 1251 custo·

368 1297 673 1370 diunto
725 1301 1010 1394 ignem
1050 1293 1229 1369 foci
1274 1297 1615 1397 publici
1652 1302 2318 1398 sempiternum.

462 1420 839 1514 Quoque
873 1415 1083 1521 haec
1115 1421 1522 1517 privatim
1559 1432 1643 1491 et
1680 1416 2037 1517 publice
2072 1417 2320 1490 modo

371 1541 724 1634 rituque
771 1535 1036 1628 fiant,
1075 1535 1491 1610 discunto
1525 1542 1820 1637 ignari
1849 1564 1891 1612 a
1923 1538 2321 1638 publicis

369 1656 996 1731 sacerdotibus,
1095 1663 1415 1730 Eorum
1449 1671 1734 1731 autem
1769 1683 2093 1757 genera
2128 1683 2326 1730 sun-

371 1791 456 1850 to
498 1776 671 1850 duo
704 1784 765 1868 ¹,
812 1801 1072 1848 unum
1122 1776 1370 1874 quod
1407 1782 1736 1878 praesit
1775 1781 2325 1851 caerimoniis

367 1912 448 1970 et
483 1900 810 1981 sacris»,
847 1896 1227 1969 alterum
1264 1898 1494 1996 quod
1535 1902 2187 1997 interpretetur
2219 1896 2328 1971 fa-

367 2017 841 2091 tidicorum
888 2032 970 2090 et
1008 2032 1291 2090 vatum
1340 2017 1602 2092 effata
1635 2023 2097 2117 incognita
2128 2042 2331 2116 quo-

366 2161 549 2209 rum
583 2148 939 2208 senatus
974 2135 1554 2235 populusque
1591 2134 2087 2209 adsciverit.

455 2262 1018 2354 Interpretes
1052 2269 1333 2328 autem
1371 2260 1601 2327 Iovis
1642 2260 1946 2354 optimi
1982 2259 2330 2328 maximi

365 2373 705 2475 publici
740 2398 1115 2472 augures
1146 2378 1424 2473 signis
1463 2388 1549 2447 et
1578 2378 1994 2475 auspiciis
2024 2389 2326 2473 postea

365 2495 778 2583 vidento,
842 2493 1398 2595 disciplinam
1453 2508 1857 2586 tenente,
1930 2494 2329 2569 sacerdo-
2394 2524 2482 2578 21.

368 2629 683 2714 tesque
726 2618 1026 2688 vineta
1070 2619 1595 2715 virgetaque
1641 2630 1727 2688 et
1773 2616 2151 2689 salutem
2181 2641 2328 2716 po-

368 2733 565 2832 puli
602 2745 1130 2832 auguranto:
1169 2737 1496 2831 quique
1537 2749 1802 2833 agent
1847 2760 2018 2807 rem
2064 2732 2329 2807 duelli

374 2856 711 2950 quique
776 2852 1329 2953 popularem,
1403 2858 1890 2952 auspicium
1954 2879 2335 2954 praemo-

376 2986 687 3064 nento,
748 2973 1082 3070 ollique
1134 2970 1837 3071 obtemperanto:
1898 2972 2330 3044 divorum·

374 3116 551 3192 que
619 3096 796 3166 iras
857 3092 1402 3193 providente
1465 3095 1746 3190 iisque
1807 3106 2331 3192 apparentO,

377 3213 800 3310 coelique
859 3211 1236 3312 fulgura
1294 3211 1821 3312 regionibus
1880 3216 2094 3285 ratis
2143 3226 2332 3285 tem·

377 3347 789 3434 peranto,
833 3332 1318 3432 urbemque
1355 3348 1718 3431 etagros
1748 3346 1840 3404 et
1879 3332 2206 3431 templa
2235 3332 2334 3403 li-

377 3451 691 3527 berata
741 3467 830 3525 et
876 3450 1136 3526 effata
1167 3451 1582 3526 habento:
1622 3477 2029 3551 quaeque
2058 3478 2334 3552 augur

378 3578 731 3647 iniusta
773 3571 1134 3647 nefasta
1169 3576 1512 3650 'vitiosa
1543 3573 1734 3647 dira
1768 3572 2188 3647 defixerit
2227 3578 2334 3645 ir-

383 3698 558 3768 rita
626 3692 1144 3792 infectaque
1208 3686 1495 3786 sunto,
1560 3698 1911 3791 quique
1972 3719 2141 3765 non
2204 3718 2338 3793 pa-

382 3817 666 3888 ruerit
718 3815 1042 3914 capital
1091 3829 1296 3888 esto.

475 3931 951 4007 Foederum
1013 3939 1253 4035 pacis
1310 3934 1519 4007 belli
1564 3935 2123 4010 induciarum
2172 3959 2338 4007 ora·
2407 3932 2497 3989 ¹1·

444 4212 460 4245 ¹
495 4208 602 4261 duo
636 4223 829 4276 genem
864 4215 1032 4258 sunto.
