3131 5032
787 434 914 499 502
1477 426 1617 494 Lm.
1665 426 1764 512 ιι,
1814 432 1886 511 ε,
1934 429 2041 497 21.

780 635 1033 696 conficio
1068 656 1141 695 ex
1178 635 1242 694 E.
1323 631 1437 694 Sed
1466 633 1577 693 ista
1595 678 1614 708 ‚
1653 630 1733 692 de
1768 630 1989 712 quibus
2026 632 2342 711 hucusque
2374 639 2584 695 actum
2618 641 2755 709 est,

786 738 943 798 nihil
977 736 1056 798 ad
1096 755 1354 816 augures
1390 734 1792 817 pertinebant.

865 852 1066 901 vatum
1122 840 1326 921 effata)
1423 838 1704 901 Varronis
1756 836 1822 899 L.
1874 836 1938 898 L.
1993 837 2196 911 locus,
2248 856 2435 916 quem
2471 838 2763 917 apposuit

784 944 1251 1024 Cannegieterus
1298 942 1446 1025 (vid.
1483 943 1809 1003 Creuzerus
1860 939 2024 1020 apud
2063 939 2355 1002 Boeotum
2384 960 2447 1020 p.
2481 939 2633 1022 624)
2662 950 2763 1001 eut

787 1050 853 1107 in
888 1047 1043 1109 Edit.
1078 1047 1354 1128 Spengel.
1387 1047 1493 1107 lib.
1522 1045 1625 1106 vl.
1651 1065 1712 1125 p.
1741 1043 1894 1105 229:
1934 1042 2100 1104 unde
2128 1042 2562 1122 corrigendum
2586 1045 2759 1105 Gloe-

785 1151 1007 1211 sarium
1048 1149 1158 1211 MS.
1201 1149 1352 1211 Bibl.
1393 1148 1557 1210 Leid.
1599 1158 1690 1208 n0.
1734 1148 1832 1209 56.
1874 1167 1934 1226 p.
1974 1145 2075 1208 28.

867 1273 1111 1332 quorum
1140 1265 1375 1313 senatus
1398 1252 1768 1333 populusque
1801 1247 2143 1331 adsciverit)
2221 1248 2398 1324 Quod
2429 1250 2763 1311 deteriores

785 1354 1011 1415 habent
1061 1374 1240 1432 quum
1291 1373 1402 1432 pro
1453 1373 1700 1433 quorum
1715 1398 1735 1430 ‚
1792 1352 2175 1431 corruptelae
2222 1370 2415 1431 genus
2464 1360 2545 1412 est
2557 1397 2576 1427 ‚
2616 1370 2760 1431 quo

790 1457 883 1517 usi
917 1476 1120 1516 sumus
1155 1455 1232 1515 ad
1260 1454 1709 1515 emendandum
1741 1474 1919 1535 supra
1945 1455 1973 1514 1
1988 1501 2007 1531 ,
2042 1455 2110 1530 7,
2150 1454 2250 1515 22.
2329 1454 2417 1514 De
2433 1455 2761 1516 choium

785 1560 986 1619 minus
1052 1567 1217 1620 recte
1281 1558 1783 1640 Wyttenbachius
1798 1603 1817 1633 ‚
1890 1576 2014 1618 ease
2070 1577 2181 1637 pro
2243 1559 2425 1618 etiam
2486 1561 2754 1619 sciverit.

788 1663 1017 1742 Nempe
1070 1671 1140 1723 ut
1189 1662 1332 1723 deos
1378 1663 1493 1722 nisi
1544 1661 1791 1741 publice
1836 1660 2089 1721 adscitos
2138 1661 2339 1722 colere
2372 1661 2625 1736 licebat,
2666 1662 2757 1723 itt

791 1766 961 1826 nulla
989 1766 1233 1826 oracula
1257 1765 1646 1826 consulebant
1676 1764 2041 1840 Decemviri,
2072 1765 2187 1823 nisi
2224 1764 2470 1844 publioe
2497 1765 2751 1827 adscita.

869 1871 1065 1951 signis
1116 1880 1173 1930 et
1223 1870 1516 1950 auspiciis
1553 1879 1762 1949 poetea
1812 1864 2076 1948 videm)
2153 1867 2437 1929 Hendum
2476 1868 2754 1930 nondum

787 1972 1088 2032 sublatum
1122 1991 1158 2032 a
1191 1972 1338 2031 viris
1375 1970 1599 2047 doctis,
1630 1970 1765 2031 aliis
1793 1969 2175 2049 relinquatur
2207 1971 2752 2033 considerandum:

786 2074 941 2134 mihi
972 2074 1132 2133 nihil
1164 2073 1362 2133 dum·
1344 2094 1408 2133 ιιι
1441 2081 1708 2134 mentem
1742 2072 1914 2132 venit
1944 2073 2110 2153 quod
2142 2074 2428 2154 placeret.
2444 2075 2753 2137 -Diem2

779 2177 1011 2257 pliuam
1048 2189 1237 2237 tenere
1269 2177 1336 2235 in
1374 2177 1490 2236 hac
1522 2196 1628 2254 re,
1670 2183 1757 2236 est
1788 2176 2249 2255 Divin.1‚47,
2294 2176 2430 2239 105.

868 2279 1299 2358 sacerdotesque
1348 2310 1430 2324 —-
1477 2276 1836 2361 augur-anto)
1934 2279 2008 2338 ln
2052 2278 2169 2340 hoc
2214 2287 2275 2340 et
2330 2300 2499 2361 sequ.
2551 2281 2754 2361 capite

785 2384 937 2464 legis
969 2383 1212 2465 (quique
1242 2392 1418 2464 agent
1451 2414 1531 2427 -
1568 2381 2017 2463 obtemperanto)
2056 2382 2317 2443 traditur
2352 2385 2462 2464 qui
2493 2384 2752 2465 quibus—

788 2507 910 2569 que
946 2487 1012 2547 in
1047 2486 1228 2547 rebus
1258 2503 1560 2564 augurum
1606 2485 1960 2546 auctoritate
1994 2483 2329 2564 indigeant.
2407 2485 2561 2547 Hinc
2598 2495 2753 2566 puto

784 2589 1113 2670 legendum
1159 2609 1283 2650 ense
1321 2588 1830 2668 sacerdotibusque
1865 2621 1945 2633 —
1980 2600 2313 2670 auguranto
2330 2635 2349 2665 ‚
2391 2591 2432 2651 i.
2470 2610 2525 2653 e.
2558 2610 2751 2652 sacer·

785 2694 1053 2769 dotibus,
1094 2694 1205 2774 qui
1237 2692 1337 2753 vel
1368 2713 1480 2773 pro
1508 2692 1700 2753 salute
1739 2712 1903 2753 sacra
1934 2692 2133 2754 facere
2150 2740 2169 2770 ‚
2206 2695 2305 2754 vel
2338 2695 2749 2775 integritatem

783 2797 1127 2858 vinetorum
1159 2796 1656 2876 virgetorumque
1690 2816 1723 2856 a
1759 2795 1875 2855 diis
1905 2804 2113 2876 petere
2146 2797 2418 2858 solebant
2431 2845 2450 2874 ,
2491 2800 2751 2878 augurio

784 2909 959 2980 capto
1012 2907 1284 2960 auctores
1335 2906 1540 2959 sunto:
1582 2898 1740 2959 sicut
1789 2920 1927 2961 mox
1960 2899 2186 2960 dicitur
2222 2901 2298 2961 de
2331 2902 2473 2981 ipsis
2504 2903 2749 2981 auguri·

783 3004 932 3080 bus,
992 3003 1327 3083 auept'et'um
1363 3013 1782 3083 praemoueuto
1832 3023 1931 3063 eoa
1976 3002 2085 3083 qui
2132 3013 2313 3082 agent
2357 3025 2488 3065 rem
2526 3005 2744 3069 duelli.

784 3106 937 3166 Nam
987 3112 1057 3164 ut
1108 3104 1202 3164 illi
1252 3104 1586 3166 sacerdotes
1637 3106 1750 3186 ipsi
1802 3105 2084 3166 dicantur
2134 3128 2461 3189 augurare,
2502 3128 2618 3169 nec
2648 3129 2748 3170 ren

781 3209 1010 3290 patitur
1028 3253 1047 3282 ,
1101 3207 1206 3289 (de
1256 3207 1465 3268 salutis
1512 3216 1677 3269 certe
1725 3209 1980 3288 augurio
1999 3255 2016 3284 ,
2059 3208 2238 3270 fuisse
2276 3209 2390 3271 hoc
2423 3231 2607 3292 penes
2640 3233 2747 3273 au·

785 3331 965 3392 gures
1008 3319 1254 3390 apparet
1305 3331 1380 3371 ex
1430 3310 1628 3373 Divin.
1669 3311 1733 3389 1,
1788 3311 1869 3373 47
1883 3358 1902 3388 ‚
1959 3308 2112 3388 105,
2170 3333 2287 3374 neo
2334 3314 2412 3375 de
2463 3315 2751 3377 fratribus

786 3414 1108 3475 Arvalibus
1139 3413 1327 3476 Varro
1359 3415 1610 3495 quidem
1643 3413 1708 3476 L.
1743 3415 1807 3477 L.
1842 3415 1910 3477 V.
1945 3435 2005 3495 p.
2044 3414 2125 3476 89
2159 3417 2376 3498 Speng.
2411 3419 2748 3500 quidquam

790 3518 1011 3592 tradit,
1067 3518 1185 3578 nisi
1240 3538 1342 3580 eos
1387 3540 1558 3580 saera
1602 3519 1852 3600 publiea
1886 3518 2162 3602 sacere,)
2211 3541 2326 3583 nec
2373 3521 2557 3583 huius
2602 3524 2753 3603 legis

794 3622 1146 3696 consilium,
1201 3622 1266 3681 in
1316 3642 1439 3702 qua
1494 3643 1795 3702 augurum
1856 3644 2144 3702 munera,
2202 3646 2327 3687 non
2371 3628 2750 3691 sacerdotum

792 3723 1237 3785 describuntur.

875 3828 919 3912 §
958 3828 1059 3890 21.
1136 3829 1356 3908 quique
1409 3839 1589 3911 agent
1639 3848 1762 3889 rem
1805 3830 1992 3892 duelli
2034 3864 2113 3878 -
2153 3833 2602 3916 obtemperanto)
2678 3836 2755 3896 In

794 3935 892 3996 his
940 3934 1221 3995 vitiosum
1274 3939 1361 3994 est
1404 3933 1783 4014 popularem,
1841 3934 1999 3996 sieut
2039 3935 2107 3996 in
2157 3936 2291 3998 aliis
2333 3940 2759 4020 propopularer

795 4059 920 4100 non
972 4046 1175 4098 tamen
1225 4036 1513 4098 videntur
1561 4037 1628 4097 in
1682 4057 1756 4099 eo
1806 4037 2120 4099 offendisse
2171 4038 2290 4100 viri
2333 4039 2513 4103 docti.
2611 4042 2759 4104 nihi

797 4140 1218 4220 corrigendum
1270 4140 1513 4202 videtur
1555 4143 1770 4222 populi
1812 4163 1967 4201 mm.-
2009 4162 2148 4203 nam
2184 4164 2274 4204 res
2297 4145 2513 4225 populi
2540 4153 2628 4205 est
2658 4165 2760 4207 reo
