3131 5032
1183 412 1326 480 Lm.
1370 413 1467 500 11,
1523 417 1593 490 1.
1639 420 1701 483 3.
2283 418 2406 486 ιω

457 629 635 680 tutem
682 619 837 678 hanc
888 615 1095 678 dicere
1152 637 1276 680 non
1334 628 1567 700 poterat
1581 666 1600 698 ,
1656 622 1884 703 quippe
1945 639 2129 703 quam
2179 621 2414 683 Atticus

457 729 623 781 certe
674 740 842 781 nuno
890 719 1203 780 aestimare
1237 740 1357 781 non
1391 729 1660 800 poterat,
1701 730 1763 782 et
1797 731 1999 783 tamen
2031 742 2247 803 operae
2277 743 2412 802 pre-

459 826 612 885 tium
668 831 797 884 erat
848 821 912 881 id
945 825 1436 901 commemorari,
1476 825 1643 904 quod
1680 846 1802 887 non
1837 835 2070 907 poterat
2104 826 2181 886 de
2214 826 2374 886 villis
2390 871 2414 900 ,

459 946 619 1007 quae
668 927 894 987 Romae
946 926 1262 987 viciniores
1310 935 1482 986 erant
1531 928 1624 1011 (ut
1658 928 1736 988 de
1770 928 2043 990 Pomtino
2059 975 2078 1006 ,
2120 929 2279 989 Orat.
2311 928 2412 1004 11,

458 1029 535 1091 71
559 1076 578 1107 ,
620 1028 765 1109 290)
803 1027 1103 1090 affirmari.
1186 1031 1454 1091 Amoena
1486 1051 1644 1110 quae
1673 1031 1986 1116 dicantur,
2024 1032 2149 1093 vid.
2182 1032 2416 1092 Cortius

462 1132 541 1192 ad
585 1133 795 1193 Salust.
848 1131 1017 1193 Catil.
1063 1132 1144 1192 XI
1160 1178 1179 1209 ,
1222 1136 1291 1193 5:
1333 1140 1396 1194 et
1428 1135 1493 1193 in
1525 1136 1736 1214 primis
1767 1136 1830 1196 in
1869 1135 2030 1196 villis
2060 1133 2417 1195 laudabatur

465 1239 823 1312 amoenitas,
864 1242 934 1296 ut
971 1235 1051 1296 ad
1084 1234 1217 1298 niv.
1250 1234 1358 1311 Vl,
1404 1237 1508 1314 19,
1557 1237 1611 1299 l.

544 1362 694 1421 quae
729 1352 785 1401 te
821 1360 941 1399 non
971 1341 1220 1422 attingit
1252 1338 1367 1421 ita)
1446 1339 1659 1403 Par-tie.
1693 1344 1785 1402 ita
1816 1342 1902 1402 sic
1936 1340 2001 1402 in
2032 1340 2153 1401 fine
2184 1339 2419 1401 adiecta

463 1442 699 1503 dudum
761 1442 908 1502 viris
968 1441 1157 1503 doctis
1208 1441 1515 1522 displicuit
1524 1469 1541 1522 ;
1602 1444 1705 1504 sed
1754 1445 1910 1504 bene
1966 1465 2100 1505 eam
2148 1442 2422 1504 defendit

466 1545 856 1622 Goerenzius,
913 1544 1029 1604 nisi
1077 1545 1244 1624 quod
1288 1545 1522 1606 hiatum
1558 1547 1643 1606 sio
1677 1548 1855 1607 vitari
1894 1547 2065 1608 dicit.
2154 1545 2421 1606 flandius

466 1649 635 1727 prius
688 1648 989 1727 corrigere
1045 1649 1292 1709 iusserat
1343 1680 1425 1693 —
1476 1651 1741 1732 attingit.
1826 1652 1952 1712 An.
2007 1648 2219 1711 Itane?
2269 1669 2420 1729 quae

465 1751 699 1811 eandem
725 1776 843 1808 —-.·
881 1758 1051 1830 post,
1091 1750 1339 1811 Tursell.
1374 1749 1506 1827 111,
1546 1770 1607 1830 p.
1644 1752 1797 1828 498,
1831 1786 1914 1798 —
1944 1765 1997 1813 te
2032 1772 2150 1811 non
2177 1752 2423 1833 attingit

460 1855 624 1914 item.
707 1853 822 1913 Sed
857 1854 1077 1913 horum
1110 1853 1402 1913 alterutro
1439 1854 1490 1913 si
1531 1874 1673 1914 usus
1701 1864 1851 1915 esset
1884 1855 2090 1915 Cicero
2107 1901 2123 1930 ,
2165 1874 2287 1914 non
2319 1851 2421 1913 ni·-

461 1957 579 2016 mis
599 1955 950 2016 humaniter
976 1955 1214 2016 locutus
1243 1963 1410 2017 esset.
1492 1956 1752 2018 Omnino
1778 1977 1935 2037 quae
1963 1959 2114 2018 ratio
2146 1955 2422 2017 mutandi

462 2059 583 2121 fuit
637 2057 867 2119 Handio
885 2104 905 2134 ,
946 2077 1077 2120 eam
1130 2059 1385 2137 probare
1420 2060 1592 2121 nullo
1625 2062 1805 2122 modo
1835 2082 2090 2140 possum.
2170 2060 2423 2120 Demon-

463 2171 607 2224 strat
659 2163 824 2222 enim
880 2181 940 2240 p.
992 2160 1113 2221 490
1162 2180 1291 2240 sqq.
1342 2163 1460 2241 (n0.
1522 2161 1650 2243 18),
1705 2173 1769 2224 et
1809 2165 1998 2225 altero
2028 2164 2196 2240 loeo,
2237 2182 2423 2242 quem

465 2266 727 2326 indicavi
741 2311 759 2341 ,
789 2285 912 2325 non
946 2282 1114 2342 posse
1145 2262 1409 2343 disiungi
1443 2265 1767 2326 formulam
1794 2289 1913 2327 non
1940 2271 2029 2328 ita
2043 2315 2062 2345 ,
2097 2277 2228 2329 tum
2255 2287 2423 2346 prae·

465 2368 625 2427 mitti
675 2374 948 2447 oportere
1002 2366 1102 2426 vel
1155 2366 1339 2428 verbo
1358 2411 1376 2441 ,
1437 2368 1534 2428 vel
1588 2369 1887 2430 adieetivo
1903 2416 1922 2446 ,
1976 2371 2074 2431 vel
2115 2370 2421 2431 adverbio.

464 2468 584 2530 Sed
631 2487 756 2530 nou
805 2465 1061 2528 attendit
1112 2474 1430 2547 propterea
1485 2468 1609 2529 diei
1662 2492 1785 2532 non
1830 2492 1999 2552 pom
2014 2518 2033 2548 ,
2092 2492 2149 2533 v.
2196 2491 2251 2533 c.
2302 2491 2425 2532 non

462 2575 713 2654 amiqua
756 2574 847 2633 ita
865 2617 885 2648 ‚
934 2570 1224 2650 qnoniam
1269 2574 1578 2651 antiquum
1599 2619 1617 2647 ‚
1659 2582 1726 2633 ut
1760 2576 1993 2655 reliqua
2031 2575 2326 2636 adieetiva
2359 2582 2421 2635 et

461 2677 782 2752 adverbia,
820 2674 1072 2737 modum
1107 2674 1382 2754 accipere
1414 2684 1692 2754 possunt,
1735 2679 1817 2741 ita
1851 2689 1919 2739 ιιι
1949 2681 2211 2759 cogitare
2242 2679 2423 2738 liceat

465 2780 585 2842 alia
639 2779 826 2858 magis
875 2777 1154 2857 antiqua:
1213 2786 1422 2839 contra
1474 2780 1539 2839 in
1594 2781 1777 2842 verbo
1829 2786 2075 2866 attingit
2123 2781 2256 2842 fieri
2305 2779 2422 2841 hoe

465 2882 642 2943 nullo
673 2880 854 2942 modo
884 2898 1080 2960 posse,
1133 2881 1184 2941 si
1218 2881 1467 2961 quidem
1505 2883 1863 2945 alterutrum
1899 2894 2132 2946 tantum
2171 2883 2424 2962 eogitari

468 2990 699 3065 potest,
738 2982 836 3044 vel
869 2986 1187 3067 attingere,
1227 2984 1324 3044 vel
1353 3006 1473 3045 non
1505 2988 1808 3067 utrinqne.
1890 2988 1962 3046 Et
1992 2986 2211 3047 frustra
2241 3004 2425 3064 quae-

466 3088 580 3150 sivi
615 3088 682 3149 in
712 3087 813 3165 iis,
850 3106 1011 3168 quae
1042 3087 1377 3149 recitantur
1409 3088 1484 3149 ab
1518 3089 1778 3166 Handio,
1815 3112 2010 3151 unum
2039 3087 2426 3169 exemplum,

464 3193 531 3253 in
584 3211 709 3271 quo
751 3212 872 3251 non
921 3192 1011 3252 ita
1060 3192 1546 3272 praemitteretur
1590 3194 1800 3255 verbo:
1844 3214 1981 3255 nam
2017 3213 2175 3274 quae
2209 3212 2270 3271 p.
2303 3190 2426 3251 492

463 3296 579 3381 (n0.
619 3293 718 3377 19)
753 3294 974 3357 excitat
989 3340 1009 3372 ,
1050 3301 1121 3355 ut
1154 3293 1520 3356 demonstret
1556 3321 1587 3354 ι)
1604 3316 1747 3356 cum
1779 3297 1853 3356 iis
1885 3299 2068 3358 etiam
2104 3295 2300 3357 verbis
2330 3306 2425 3356 tm

462 3424 495 3459 n
511 3407 574 3460 et
621 3420 741 3459 non
785 3401 877 3460 in
910 3398 1226 3479 componi,
1267 3419 1525 3478 quorum
1562 3401 1727 3461 notio
1760 3401 2173 3480 gradationem
2208 3398 2427 3458 admit-

463 3503 676 3577 »tat‚”
732 3520 973 3582 prorsus
1021 3502 1220 3563 aliena
1268 3511 1438 3577 sunt,
1495 3513 1836 3584 cunctaque
1883 3505 1963 3566 ad
1997 3504 2172 3563 illum
2207 3501 2422 3581 partie.

463 3605 555 3663 ita
582 3624 755 3665 usum
785 3604 1103 3667 referenda
1121 3650 1141 3682 ,
1178 3625 1362 3686 quem
1392 3605 1714 3689 (nandium
1749 3608 2063 3688 castigans)
2095 3606 2420 3668 rectissime

467 3705 760 3785 explicuit
806 3705 1135 3787 ludvigius
1168 3709 1245 3768 ad
1280 3708 1406 3770 rin.
1437 3709 1526 3786 11,
1568 3711 1644 3785 6,
1691 3711 1795 3787 17,
1837 3713 2000 3790 init.;
2057 3728 2420 3789 rursusque,

464 3828 624 3891 qnae
656 3817 1041 3890 apponuntur
1069 3830 1131 3889 p.
1167 3807 1325 3891 498,
1350 3811 1582 3872 ,diversi
1612 3815 1849 3892 generis
1879 3824 2056 3888 sunt,
2094 3814 2142 3873 si
2171 3812 2421 3891 quidem

466 3913 594 3974 Fin.
623 3912 772 3995 (non
799 3910 1009 3991 Aead.)
1033 3911 1112 3988 V,
1139 3913 1246 3989 26,
1281 3912 1392 3991 77,
1431 3918 1519 3976 ita
1547 3924 1681 3975 tum
1713 3917 1779 3977 in
1808 3917 2120 3996 epexegesi
2146 3913 2418 3992 ponitur,

466 4027 600 4079 tum
653 4015 1110 4097 respondentem
1158 4017 1271 4077 sibi
1313 4018 1495 4080 habet
1525 4020 1736 4098 partio.
1773 4032 1868 4095 ue,
1910 4014 2420 4099 quemadmodum

464 4122 533 4182 in
568 4121 757 4182 altero
789 4120 1070 4200 exemplo
1113 4118 1307 4183 Divin.
1342 4121 1438 4196 11,
1479 4121 1558 4197 2,
1598 4123 1657 4184 6.
1738 4122 2060 4201 Equidem,
2100 4120 2249 4180 dum
2284 4123 2421 4196 epta
