3131 5032
1332 480 1425 552 49

479 694 908 762 Incestum
942 690 1401 789 pontifices
1437 716 1847 791 supremo
1884 694 2330 793 supplicio

385 814 860 883 sanciunto.

476 934 792 1030 Impius
842 954 948 1001 ne
1005 928 1320 1002 audeto
1392 931 1731 1030 placare
1795 931 2049 1004 donis
2118 937 2326 1007 iram

384 1046 650 1121 deoru
667 1077 761 1122 m.

479 1174 738 1245 Caute
775 1187 973 1245 vota
1012 1170 1476 1244 reddunto.

481 1294 752 1363 Poena
795 1291 1105 1363 violati
1144 1295 1369 1363 iuris
1406 1303 1614 1363 esto.

478 1412 668 1501 Quo
722 1415 957 1485 circa
1014 1436 1120 1484 ne
1164 1417 1361 1509 quis
1420 1436 1718 1511 agrum
1774 1425 2331 1485 consecrato:

390 1534 569 1602 auri
617 1535 958 1628 argenti
1004 1529 1296 1604 eboris
1344 1528 1740 1603 sacrandi
1785 1530 2079 1602 modus
2125 1544 2332 1602 estc.

481 1654 736 1722 Sacra
773 1653 1097 1748 privata
1133 1663 1545 1748 perpetua
1585 1662 2012 1720 manento.

482 1774 866 1841 Deorum
906 1771 1276 1841 manium
1315 1772 1502 1841 iura
1538 1781 1836 1841 sancta
1867 1780 2150 1839 sunto:
2185 1766 2340 1837 hos

389 1887 556 1960 leto
607 1886 855 1960 datos
900 1887 1148 1958 divos
1201 1886 1628 1961 habento:
1679 1901 2061 1960 sumtum
2101 1891 2184 1957 in
2225 1888 2343 1957 ol-

387 2006 510 2101 los
556 2007 1078 2103 luctumque
1120 2010 1593 2079 minuuntO.

479 2131 621 2196 Att.
703 2124 1054 2197 Conclusa
1086 2125 1382 2222 quidem
1418 2140 1525 2197 est
1560 2150 1605 2199 a
1645 2140 1715 2198 te
1750 2140 1895 2197 tam
1935 2150 2190 2224 magna
2228 2125 2343 2198 lex

388 2271 554 2318 sane
612 2270 832 2343 quam
885 2243 1118 2334 brevi,
1167 2258 1271 2335 et,
1321 2258 1404 2317 ut
1455 2243 1633 2315 mihi
1675 2243 1969 2342 quidem
2019 2244 2342 2337 videtur,

387 2389 530 2437 non
573 2364 882 2438 multum
915 2364 1268 2465 discrepat
1291 2369 1424 2438 ista
1453 2368 1874 2437 constitutio
1910 2364 2342 2462 religionum

387 2511 428 2559 a
478 2485 758 2583 legibus
811 2488 1088 2558 Numae
1150 2489 1557 2584 nostrisque
1615 2484 1961 2559 moribus.
2073 2489 2169 2558 Μ.
2231 2488 2341 2557 An

389 2628 665 2694 censeS‚
712 2630 945 2702 quum
978 2608 1053 2676 in
1087 2605 1223 2676 illis
1259 2604 1349 2677 de
1386 2631 1463 2678 re
1496 2605 1783 2704 publica
1812 2605 2018 2678 libris
2050 2629 2344 2705 persua-

391 2722 565 2795 dere
597 2723 923 2796 videatur
962 2723 1335 2798 Africanus
1372 2729 1700 2796 omnium
1742 2750 1985 2797 rerum
2024 2724 2346 2823 publica-

395 2867 562 2913 rum
599 2858 915 2917 nostram
950 2858 1265 2917 veterem
1301 2844 1490 2917 illam
1519 2841 1741 2915 fuisse
1769 2847 2155 2941 optimam,
2194 2868 2344 2915 non

395 2987 684 3035 necesse
717 2988 873 3036 esse
908 2967 1225 3063 optimae
1262 2967 1365 3034 rei
1399 2961 1733 3061 publicae
1762 2961 1953 3059 leges
1985 2961 2155 3033 dare
2190 2985 2347 3032 con·

393 3084 810 3156 sentaneas?
895 3087 1038 3155 Att.
1100 3087 1330 3154 Immo
1389 3106 1686 3181 prorsus
1743 3085 1842 3153 ita
1902 3104 2185 3153 censeo.
2248 3085 2344 3153 M.

393 3207 580 3300 Ergo
610 3201 792 3275 adeo
826 3216 1229 3302 exspectate
1260 3202 1451 3302 leges
1484 3227 1671 3301 quae
1702 3224 1931 3301 genus
1961 3199 2136 3272 illud
2165 3204 2349 3300 opti-

394 3347 594 3395 mum
642 3327 747 3395 rei
795 3321 1125 3421 publicae
1180 3327 1632 3395 contineant:
1684 3336 1788 3412 et,
1839 3325 1899 3393 si
1937 3346 2123 3418 quae
2156 3320 2346 3393 sorte

396 3465 436 3513 a
476 3466 590 3514 me
630 3440 850 3513 hodie
896 3440 1344 3539 rogabuntur
1390 3466 1579 3539 quae
1617 3465 1768 3512 non
1806 3445 1951 3511 sint
1988 3445 2063 3513 in
2103 3455 2349 3513 nostra

398 3586 474 3633 re
527 3560 819 3661 publiea
873 3586 1008 3634 nec
1064 3561 1364 3650 fuerint,
1415 3576 1658 3634 tamen
1722 3574 1924 3633 erant
1973 3573 1995 3613 ¹
2061 3557 2212 3633 fere
2270 3563 2349 3629 in

401 3704 600 3752 more
666 3682 1048 3771 maiorum}
1103 3667 1231 3779 qui
1292 3694 1445 3752 tum
1502 3694 1587 3752 ut
1645 3680 1758 3752 lex
1808 3677 2106 3754 valebat.
2206 3683 2347 3750 Att.

398 3798 626 3872 Suade
686 3805 936 3898 igitur,
987 3805 1045 3874 si
1094 3802 1356 3902 placet,
1405 3805 1613 3874 istam
1669 3804 1894 3900 ipsam
1951 3800 2217 3897 legem,
2269 3812 2351 3869 ut

401 3943 535 4017 ego
575 3923 724 3990 ulei
769 3935 844 3990 tu
874 3928 901 3966 ²
953 3946 1157 4020 rogas
1194 3924 1461 4020 possim
1501 3918 1761 3991 dicere.
1861 3923 1957 3990 M.
2004 3918 2157 3989 Ain’
2195 3931 2350 3988 tan-

465 4193 480 4227 ¹
516 4199 686 4241 erunt.
760 4191 782 4226 ²
820 4205 921 4240 om.
957 4199 1033 4240 tu.

2410 2139 2500 2262 μμ

2416 3705 2507 3758 24.
