<?xml version="1.0" encoding="UTF-8"?>
<!DOCTYPE html PUBLIC "-//W3C//DTD XHTML 1.0 Transitional//EN"
    "http://www.w3.org/TR/xhtml1/DTD/xhtml1-transitional.dtd">
<html xmlns="http://www.w3.org/1999/xhtml" xml:lang="en" lang="en">
 <head>
  <title>
</title>
<meta http-equiv="Content-Type" content="text/html;charset=utf-8" />
  <meta name='ocr-system' content='tesseract 3.04.00' />
  <meta name='ocr-capabilities' content='ocr_page ocr_carea ocr_par ocr_line ocrx_word'/>
</head>
<body>
  <div class='ocr_page' id='page_1' title='image "./mtulliiciceroni02bakegoog_0106.png"; bbox 0 0 3131 5032; ppageno 0'>
   <div class='ocr_carea' id='block_1_1' title="bbox 1322 433 1419 506">
    <p class='ocr_par' dir='ltr' id='par_1_1' title="bbox 1322 433 1419 506">
     <span class='ocr_line' id='line_1_1' title="bbox 1322 433 1419 506; baseline 0.01 -1"><span class='ocrx_word' id='word_1_1' title='bbox 1322 433 1419 506; x_wconf 85' lang='grc'><strong>39</strong></span> 
     </span>
    </p>
   </div>
   <div class='ocr_carea' id='block_1_2' title="bbox 395 641 2363 3493">
    <p class='ocr_par' dir='ltr' id='par_1_2' title="bbox 395 641 2359 2632">
     <span class='ocr_line' id='line_1_2' title="bbox 400 641 2346 745; baseline -0.004 -26"><span class='ocrx_word' id='word_1_2' title='bbox 400 660 507 719; x_wconf 86' lang='lat' dir='ltr'><strong>ret</strong></span> <span class='ocrx_word' id='word_1_3' title='bbox 544 641 794 717; x_wconf 87' lang='lat' dir='ltr'><strong>sedem</strong></span> <span class='ocrx_word' id='word_1_4' title='bbox 827 644 919 718; x_wconf 90' lang='lat' dir='ltr'><strong>ad</strong></span> <span class='ocrx_word' id='word_1_5' title='bbox 954 643 1496 745; x_wconf 88' lang='lat' dir='ltr'><strong>disputandum,</strong></span> <span class='ocrx_word' id='word_1_6' title='bbox 1536 646 1775 715; x_wconf 87' lang='lat' dir='ltr'><strong>statim</strong></span> <span class='ocrx_word' id='word_1_7' title='bbox 1810 642 2235 741; x_wconf 86' lang='lat' dir='ltr'><strong>praecipitat</strong></span> <span class='ocrx_word' id='word_1_8' title='bbox 2270 644 2346 712; x_wconf 91' lang='lat' dir='ltr'><strong>in</strong></span> 
     </span>
     <span class='ocr_line' id='line_1_3' title="bbox 396 762 2347 863; baseline -0.004 -24"><span class='ocrx_word' id='word_1_9' title='bbox 396 769 640 839; x_wconf 83' lang='lat' dir='ltr'><strong>Lirem</strong></span> <span class='ocrx_word' id='word_1_10' title='bbox 689 778 803 855; x_wconf 91' lang='lat' dir='ltr'><strong>et,</strong></span> <span class='ocrx_word' id='word_1_11' title='bbox 858 768 1062 863; x_wconf 87' lang='lat' dir='ltr'><strong>quasi</strong></span> <span class='ocrx_word' id='word_1_12' title='bbox 1116 767 1193 835; x_wconf 90' lang='lat' dir='ltr'><strong>in</strong></span> <span class='ocrx_word' id='word_1_13' title='bbox 1246 762 1588 837; x_wconf 87' lang='lat' dir='ltr'><strong>familiam</strong></span> <span class='ocrx_word' id='word_1_14' title='bbox 1632 766 2001 863; x_wconf 88' lang='lat' dir='ltr'><strong>patriciam</strong></span> <span class='ocrx_word' id='word_1_15' title='bbox 2037 764 2347 851; x_wconf 87' lang='lat' dir='ltr'><strong>venerit,</strong></span> 
     </span>
     <span class='ocr_line' id='line_1_4' title="bbox 395 880 2348 979; baseline -0.004 -20"><span class='ocrx_word' id='word_1_16' title='bbox 395 887 663 960; x_wconf 86' lang='lat' dir='ltr'><strong>amittit</strong></span> <span class='ocrx_word' id='word_1_17' title='bbox 719 909 989 956; x_wconf 90' lang='lat' dir='ltr'><strong>nomen</strong></span> <span class='ocrx_word' id='word_1_18' title='bbox 1035 883 1415 956; x_wconf 83' lang='lat' dir='ltr'>obscurius</span> <span class='ocrx_word' id='word_1_19' title='bbox 1460 887 1850 979; x_wconf 84' lang='lat' dir='ltr'><strong>Liremque</strong></span> <span class='ocrx_word' id='word_1_20' title='bbox 1896 881 2125 954; x_wconf 91' lang='lat' dir='ltr'><strong>multo</strong></span> <span class='ocrx_word' id='word_1_21' title='bbox 2175 880 2348 979; x_wconf 85' lang='lat' dir='ltr'><strong>geli-</strong></span> 
     </span>
     <span class='ocr_line' id='line_1_5' title="bbox 396 1000 2346 1102; baseline -0.002 -24"><span class='ocrx_word' id='word_1_22' title='bbox 396 1004 680 1079; x_wconf 91' lang='lat' dir='ltr'><strong>diorem</strong></span> <span class='ocrx_word' id='word_1_23' title='bbox 716 1002 908 1077; x_wconf 82' lang='lat' dir='ltr'><strong>facit.</strong></span> <span class='ocrx_word' id='word_1_24' title='bbox 1001 1008 1153 1078; x_wconf 89' lang='lat' dir='ltr'><strong>Nec</strong></span> <span class='ocrx_word' id='word_1_25' title='bbox 1182 1007 1378 1076; x_wconf 90' lang='lat' dir='ltr'><strong>enim</strong></span> <span class='ocrx_word' id='word_1_26' title='bbox 1415 1002 1644 1075; x_wconf 88' lang='lat' dir='ltr'><strong>ullum</strong></span> <span class='ocrx_word' id='word_1_27' title='bbox 1676 1000 1820 1074; x_wconf 90' lang='lat' dir='ltr'><strong>hoc</strong></span> <span class='ocrx_word' id='word_1_28' title='bbox 1855 1000 2180 1102; x_wconf 88' lang='lat' dir='ltr'><strong>frigidius</strong></span> <span class='ocrx_word' id='word_1_29' title='bbox 2209 1003 2346 1075; x_wconf 91' lang='lat' dir='ltr'><strong>flu-</strong></span> 
     </span>
     <span class='ocr_line' id='line_1_6' title="bbox 399 1122 2348 1222; baseline 0 -26"><span class='ocrx_word' id='word_1_30' title='bbox 399 1149 571 1205; x_wconf 87' lang='lat' dir='ltr'><strong>men</strong></span> <span class='ocrx_word' id='word_1_31' title='bbox 618 1127 852 1222; x_wconf 88' lang='lat' dir='ltr'><strong>attigi,</strong></span> <span class='ocrx_word' id='word_1_32' title='bbox 912 1149 1141 1221; x_wconf 90' lang='lat' dir='ltr'><strong>quum</strong></span> <span class='ocrx_word' id='word_1_33' title='bbox 1197 1123 1291 1196; x_wconf 87' lang='lat' dir='ltr'><strong>ad</strong></span> <span class='ocrx_word' id='word_1_34' title='bbox 1336 1122 1560 1195; x_wconf 86' lang='lat' dir='ltr'><strong>multa</strong></span> <span class='ocrx_word' id='word_1_35' title='bbox 1603 1126 2048 1213; x_wconf 81' lang='lat' dir='ltr'><strong>accesserim3</strong></span> <span class='ocrx_word' id='word_1_36' title='bbox 2097 1136 2183 1195; x_wconf 91' lang='lat' dir='ltr'><strong>ut</strong></span> <span class='ocrx_word' id='word_1_37' title='bbox 2228 1126 2348 1196; x_wconf 77' lang='lat' dir='ltr'><strong>vix</strong></span> 
     </span>
     <span class='ocr_line' id='line_1_7' title="bbox 401 1240 2350 1345; baseline -0.001 -29"><span class='ocrx_word' id='word_1_38' title='bbox 401 1243 586 1345; x_wconf 86' lang='lat' dir='ltr'><strong>pede</strong></span> <span class='ocrx_word' id='word_1_39' title='bbox 610 1258 894 1317; x_wconf 84' lang='lat' dir='ltr'><strong>tentare</strong></span> <span class='ocrx_word' id='word_1_40' title='bbox 919 1243 994 1315; x_wconf 94' lang='lat' dir='ltr'><strong>id</strong></span> <span class='ocrx_word' id='word_1_41' title='bbox 1017 1247 1283 1344; x_wconf 90' lang='lat' dir='ltr'><strong>possim</strong></span> <span class='ocrx_word' id='word_1_42' title='bbox 1300 1295 1321 1333; x_wconf 90' lang='lat'><strong>,</strong></span> <span class='ocrx_word' id='word_1_43' title='bbox 1354 1241 1554 1341; x_wconf 91' lang='lat' dir='ltr'><strong>quod</strong></span> <span class='ocrx_word' id='word_1_44' title='bbox 1589 1246 1663 1314; x_wconf 91' lang='lat' dir='ltr'><strong>in</strong></span> <span class='ocrx_word' id='word_1_45' title='bbox 1692 1240 2015 1315; x_wconf 85' lang='lat' dir='ltr'><strong>Phaedro</strong></span> <span class='ocrx_word' id='word_1_46' title='bbox 2037 1241 2350 1314; x_wconf 86' lang='lat' dir='ltr'><strong>Platonis</strong></span> 
     </span>
     <span class='ocr_line' id='line_1_8' title="bbox 401 1360 2348 1438; baseline -0.002 -1"><span class='ocrx_word' id='word_1_47' title='bbox 401 1362 572 1437; x_wconf 79' lang='lat' dir='ltr'><strong>facit</strong></span> <span class='ocrx_word' id='word_1_48' title='bbox 606 1367 952 1438; x_wconf 83' lang='lat' dir='ltr'><strong>Socrates.</strong></span> <span class='ocrx_word' id='word_1_49' title='bbox 1049 1366 1146 1434; x_wconf 88' lang='lat' dir='ltr'><strong>M.</strong></span> <span class='ocrx_word' id='word_1_50' title='bbox 1208 1367 1329 1435; x_wconf 88' lang='lat' dir='ltr'><strong>Est</strong></span> <span class='ocrx_word' id='word_1_51' title='bbox 1366 1387 1538 1435; x_wconf 88' lang='lat' dir='ltr'><strong>vero</strong></span> <span class='ocrx_word' id='word_1_52' title='bbox 1570 1367 1695 1435; x_wconf 84' lang='lat' dir='ltr'><strong>ita:</strong></span> <span class='ocrx_word' id='word_1_53' title='bbox 1736 1361 1862 1435; x_wconf 86' lang='lat' dir='ltr'><strong>sed</strong></span> <span class='ocrx_word' id='word_1_54' title='bbox 1899 1377 2140 1435; x_wconf 89' lang='lat' dir='ltr'><strong>tamen</strong></span> <span class='ocrx_word' id='word_1_55' title='bbox 2176 1360 2348 1434; x_wconf 88' lang='lat' dir='ltr'><strong>huic</strong></span> 
     </span>
     <span class='ocr_line' id='line_1_9' title="bbox 403 1481 2351 1582; baseline -0.001 -26"><span class='ocrx_word' id='word_1_56' title='bbox 403 1487 850 1573; x_wconf 84' lang='lat' dir='ltr'><strong>amoenitati,</strong></span> <span class='ocrx_word' id='word_1_57' title='bbox 906 1507 1125 1581; x_wconf 88' lang='lat' dir='ltr'><strong>quam</strong></span> <span class='ocrx_word' id='word_1_58' title='bbox 1166 1507 1254 1555; x_wconf 87' lang='lat' dir='ltr'><strong>ex</strong></span> <span class='ocrx_word' id='word_1_59' title='bbox 1296 1485 1571 1574; x_wconf 90' lang='lat' dir='ltr'><strong>Quinto</strong></span> <span class='ocrx_word' id='word_1_60' title='bbox 1613 1506 1824 1582; x_wconf 87' lang='lat' dir='ltr'><strong>saepe</strong></span> <span class='ocrx_word' id='word_1_61' title='bbox 1867 1482 2119 1573; x_wconf 88' lang='lat' dir='ltr'><strong>audio,</strong></span> <span class='ocrx_word' id='word_1_62' title='bbox 2167 1481 2351 1555; x_wconf 89' lang='lat' dir='ltr'><strong>The-</strong></span> 
     </span>
     <span class='ocr_line' id='line_1_10' title="bbox 406 1600 2352 1703; baseline -0.002 -27"><span class='ocrx_word' id='word_1_63' title='bbox 406 1602 678 1676; x_wconf 87' lang='lat' dir='ltr'><strong>banus¹</strong></span> <span class='ocrx_word' id='word_1_64' title='bbox 729 1607 1060 1703; x_wconf 83' lang='lat' dir='ltr'><strong>Epirotes</strong></span> <span class='ocrx_word' id='word_1_65' title='bbox 1094 1616 1265 1675; x_wconf 89' lang='lat' dir='ltr'><strong>tuus</strong></span> <span class='ocrx_word' id='word_1_66' title='bbox 1297 1602 1415 1675; x_wconf 89' lang='lat' dir='ltr'><strong>ille</strong></span> <span class='ocrx_word' id='word_1_67' title='bbox 1450 1600 1669 1689; x_wconf 89' lang='lat' dir='ltr'><strong>nihil,</strong></span> <span class='ocrx_word' id='word_1_68' title='bbox 1723 1606 2016 1701; x_wconf 86' lang='lat' dir='ltr'><strong>opinor,</strong></span> <span class='ocrx_word' id='word_1_69' title='bbox 2063 1627 2352 1676; x_wconf 87' lang='lat' dir='ltr'><strong>conces-</strong></span> 
     </span>
     <span class='ocr_line' id='line_1_11' title="bbox 408 1720 2352 1820; baseline 0 -26"><span class='ocrx_word' id='word_1_70' title='bbox 408 1726 601 1794; x_wconf 84' lang='lat' dir='ltr'><strong>serit.</strong></span> <span class='ocrx_word' id='word_1_71' title='bbox 698 1725 787 1814; x_wconf 89' lang='lat' dir='ltr'><strong>Q.</strong></span> <span class='ocrx_word' id='word_1_72' title='bbox 824 1727 948 1795; x_wconf 88' lang='lat' dir='ltr'><strong>Est</strong></span> <span class='ocrx_word' id='word_1_73' title='bbox 973 1726 1070 1794; x_wconf 89' lang='lat' dir='ltr'><strong>ita</strong></span> <span class='ocrx_word' id='word_1_74' title='bbox 1106 1736 1191 1793; x_wconf 92' lang='lat' dir='ltr'><strong>ut</strong></span> <span class='ocrx_word' id='word_1_75' title='bbox 1228 1720 1426 1793; x_wconf 88' lang='lat' dir='ltr'><strong>dicis.</strong></span> <span class='ocrx_word' id='word_1_76' title='bbox 1468 1724 1655 1792; x_wconf 84' lang='lat' dir='ltr'><strong>Cave</strong></span> <span class='ocrx_word' id='word_1_77' title='bbox 1682 1724 1871 1792; x_wconf 91' lang='lat' dir='ltr'><strong>enim</strong></span> <span class='ocrx_word' id='word_1_78' title='bbox 1899 1736 2109 1820; x_wconf 90' lang='lat' dir='ltr'><strong>putes</strong></span> <span class='ocrx_word' id='word_1_79' title='bbox 2135 1726 2352 1796; x_wconf 88' lang='lat' dir='ltr'><strong>Attici</strong></span> 
     </span>
     <span class='ocr_line' id='line_1_12' title="bbox 401 1839 2352 1940; baseline 0.001 -27"><span class='ocrx_word' id='word_1_80' title='bbox 401 1843 597 1914; x_wconf 85' lang='lat' dir='ltr'><strong>notri</strong></span> <span class='ocrx_word' id='word_1_81' title='bbox 649 1841 1010 1914; x_wconf 85' lang='lat' dir='ltr'><strong>Amalthio</strong></span> <span class='ocrx_word' id='word_1_82' title='bbox 1068 1839 1516 1939; x_wconf 88' lang='lat' dir='ltr'><strong>platanisque</strong></span> <span class='ocrx_word' id='word_1_83' title='bbox 1567 1839 1705 1911; x_wconf 91' lang='lat' dir='ltr'><strong>illis</strong></span> <span class='ocrx_word' id='word_1_84' title='bbox 1748 1841 2149 1940; x_wconf 87' lang='lat' dir='ltr'><strong>quidquam</strong></span> <span class='ocrx_word' id='word_1_85' title='bbox 2198 1866 2352 1915; x_wconf 88' lang='lat' dir='ltr'><strong>esse</strong></span> 
     </span>
     <span class='ocr_line' id='line_1_13' title="bbox 403 1957 2353 2060; baseline 0.001 -27"><span class='ocrx_word' id='word_1_86' title='bbox 403 1959 858 2060; x_wconf 57' lang='lat' dir='ltr'><strong>praeclarius„</strong></span> <span class='ocrx_word' id='word_1_87' title='bbox 941 1958 1114 2049; x_wconf 87' lang='lat' dir='ltr'><strong>Sed,</strong></span> <span class='ocrx_word' id='word_1_88' title='bbox 1152 1963 1213 2030; x_wconf 87' lang='lat' dir='ltr'><strong>si</strong></span> <span class='ocrx_word' id='word_1_89' title='bbox 1250 1957 1560 2049; x_wconf 87' lang='lat' dir='ltr'><strong>videtur,</strong></span> <span class='ocrx_word' id='word_1_90' title='bbox 1614 1959 2067 2034; x_wconf 77' lang='lat' dir='ltr'><strong>considamus</strong></span> <span class='ocrx_word' id='word_1_91' title='bbox 2104 1961 2224 2036; x_wconf 87' lang='lat' dir='ltr'><strong>hic</strong></span> <span class='ocrx_word' id='word_1_92' title='bbox 2274 1967 2353 2035; x_wconf 90' lang='lat' dir='ltr'><strong>in</strong></span> 
     </span>
     <span class='ocr_line' id='line_1_14' title="bbox 402 2077 2354 2180; baseline 0.001 -28"><span class='ocrx_word' id='word_1_93' title='bbox 402 2078 698 2170; x_wconf 85' lang='lat' dir='ltr'><strong>umbra,</strong></span> <span class='ocrx_word' id='word_1_94' title='bbox 746 2093 967 2177; x_wconf 84' lang='lat' dir='ltr'><strong>atque</strong></span> <span class='ocrx_word' id='word_1_95' title='bbox 1010 2077 1103 2150; x_wconf 88' lang='lat' dir='ltr'><strong>ad</strong></span> <span class='ocrx_word' id='word_1_96' title='bbox 1148 2102 1305 2149; x_wconf 90' lang='lat' dir='ltr'><strong>eam</strong></span> <span class='ocrx_word' id='word_1_97' title='bbox 1355 2092 1636 2176; x_wconf 87' lang='lat' dir='ltr'><strong>partem</strong></span> <span class='ocrx_word' id='word_1_98' title='bbox 1677 2084 2027 2152; x_wconf 88' lang='lat' dir='ltr'><strong>sermonis</strong></span> <span class='ocrx_word' id='word_1_99' title='bbox 2071 2106 2160 2154; x_wconf 87' lang='lat' dir='ltr'><strong>ex</strong></span> <span class='ocrx_word' id='word_1_100' title='bbox 2206 2106 2354 2180; x_wconf 89' lang='lat' dir='ltr'><strong>qua</strong></span> 
     </span>
     <span class='ocr_line' id='line_1_15' title="bbox 401 2198 2352 2298; baseline 0 -27"><span class='ocrx_word' id='word_1_101' title='bbox 401 2203 665 2298; x_wconf 81' lang='lat' dir='ltr'><strong>egressi</strong></span> <span class='ocrx_word' id='word_1_102' title='bbox 706 2222 957 2269; x_wconf 86' lang='lat' dir='ltr'><strong>sumus</strong></span> <span class='ocrx_word' id='word_1_103' title='bbox 1004 2211 1467 2270; x_wconf 85' lang='lat' dir='ltr'><strong>revertamur.</strong></span> <span class='ocrx_word' id='word_1_104' title='bbox 1564 2202 1663 2269; x_wconf 89' lang='lat' dir='ltr'><strong>M.</strong></span> <span class='ocrx_word' id='word_1_105' title='bbox 1701 2198 2063 2272; x_wconf 83' lang='lat' dir='ltr'><strong>Praeclare</strong></span> <span class='ocrx_word' id='word_1_106' title='bbox 2102 2206 2352 2297; x_wconf 74' lang='lat' dir='ltr'><strong>exigiS,</strong></span> 
     </span>
     <span class='ocr_line' id='line_1_16' title="bbox 402 2312 2357 2415; baseline 0.001 -25"><span class='ocrx_word' id='word_1_107' title='bbox 402 2321 704 2410; x_wconf 89' lang='lat' dir='ltr'><strong>Quinte:</strong></span> <span class='ocrx_word' id='word_1_108' title='bbox 731 2328 808 2389; x_wconf 86' lang='lat' dir='ltr'><strong>at</strong></span> <span class='ocrx_word' id='word_1_109' title='bbox 840 2341 976 2415; x_wconf 88' lang='lat' dir='ltr'><strong>ego</strong></span> <span class='ocrx_word' id='word_1_110' title='bbox 1007 2313 1342 2414; x_wconf 85' lang='lat' dir='ltr'><strong>effugisse</strong></span> <span class='ocrx_word' id='word_1_111' title='bbox 1366 2312 1803 2388; x_wconf 86' lang='lat' dir='ltr'><strong>arbitrabar:</strong></span> <span class='ocrx_word' id='word_1_112' title='bbox 1833 2330 1906 2389; x_wconf 91' lang='lat' dir='ltr'><strong>et</strong></span> <span class='ocrx_word' id='word_1_113' title='bbox 1928 2318 2066 2391; x_wconf 89' lang='lat' dir='ltr'><strong>tibi</strong></span> <span class='ocrx_word' id='word_1_114' title='bbox 2090 2318 2357 2392; x_wconf 89' lang='lat' dir='ltr'><strong>horum</strong></span> 
     </span>
     <span class='ocr_line' id='line_1_17' title="bbox 402 2433 2359 2536; baseline 0.002 -26"><span class='ocrx_word' id='word_1_115' title='bbox 402 2438 586 2510; x_wconf 88' lang='lat' dir='ltr'><strong>nihil</strong></span> <span class='ocrx_word' id='word_1_116' title='bbox 622 2436 877 2510; x_wconf 90' lang='lat' dir='ltr'><strong>deberi</strong></span> <span class='ocrx_word' id='word_1_117' title='bbox 913 2449 1169 2536; x_wconf 88' lang='lat' dir='ltr'><strong>potest.</strong></span> <span class='ocrx_word' id='word_1_118' title='bbox 1241 2437 1329 2530; x_wconf 91' lang='lat' dir='ltr'><strong>Q.</strong></span> <span class='ocrx_word' id='word_1_119' title='bbox 1362 2433 1622 2508; x_wconf 88' lang='lat' dir='ltr'><strong>Ordire</strong></span> <span class='ocrx_word' id='word_1_120' title='bbox 1654 2439 1912 2535; x_wconf 76' lang='lat' dir='ltr'><strong>igiturt</strong></span> <span class='ocrx_word' id='word_1_121' title='bbox 1954 2463 2122 2511; x_wconf 87' lang='lat' dir='ltr'><strong>nam</strong></span> <span class='ocrx_word' id='word_1_122' title='bbox 2157 2439 2359 2513; x_wconf 90' lang='lat' dir='ltr'><strong>hunc</strong></span> 
     </span>
     <span class='ocr_line' id='line_1_18' title="bbox 403 2555 1420 2632; baseline -0.005 0"><span class='ocrx_word' id='word_1_123' title='bbox 403 2558 536 2632; x_wconf 85' lang='lat' dir='ltr'><strong>tibi</strong></span> <span class='ocrx_word' id='word_1_124' title='bbox 574 2573 812 2631; x_wconf 90' lang='lat' dir='ltr'><strong>totum</strong></span> <span class='ocrx_word' id='word_1_125' title='bbox 849 2557 1168 2629; x_wconf 88' lang='lat' dir='ltr'><strong>dicamus</strong></span> <span class='ocrx_word' id='word_1_126' title='bbox 1204 2555 1420 2628; x_wconf 91' lang='lat' dir='ltr'><strong>diem.</strong></span> 
     </span>
    </p>

    <p class='ocr_par' dir='ltr' id='par_1_3' title="bbox 406 2673 2362 3254">
     <span class='ocr_line' id='line_1_19' title="bbox 502 2673 2358 2772; baseline 0.002 -23"><span class='ocrx_word' id='word_1_127' title='bbox 502 2682 600 2748; x_wconf 85' lang='lat' dir='ltr'><strong>M.</strong></span> <span class='ocrx_word' id='word_1_128' title='bbox 659 2683 729 2749; x_wconf 86' lang='grc' dir='ltr'><em>Α</em></span> <span class='ocrx_word' id='word_1_129' title='bbox 760 2682 920 2749; x_wconf 80' lang='lat' dir='ltr'><strong>Iove</strong></span> <span class='ocrx_word' id='word_1_130' title='bbox 958 2700 1318 2747; x_wconf 80' lang='lat' dir='ltr'><strong>musarum</strong></span> <span class='ocrx_word' id='word_1_131' title='bbox 1335 2673 1757 2772; x_wconf 81' lang='lat' dir='ltr'><strong>primordia,</strong></span> <span class='ocrx_word' id='word_1_132' title='bbox 1791 2679 1977 2750; x_wconf 89' lang='lat' dir='ltr'><strong>sicut</strong></span> <span class='ocrx_word' id='word_1_133' title='bbox 2006 2681 2082 2749; x_wconf 92' lang='lat' dir='ltr'><strong>in</strong></span> <span class='ocrx_word' id='word_1_134' title='bbox 2113 2683 2358 2752; x_wconf 89' lang='lat' dir='ltr'><strong>Aratio</strong></span> 
     </span>
     <span class='ocr_line' id='line_1_20' title="bbox 412 2793 2357 2882; baseline 0.002 -16"><span class='ocrx_word' id='word_1_135' title='bbox 412 2797 723 2866; x_wconf 70' lang='lat' dir='ltr'><strong>(armine</strong></span> <span class='ocrx_word' id='word_1_136' title='bbox 781 2797 930 2865; x_wconf 91' lang='lat' dir='ltr'><strong>orsi</strong></span> <span class='ocrx_word' id='word_1_137' title='bbox 986 2817 1257 2864; x_wconf 80' lang='lat' dir='ltr'><strong>sumuS.</strong></span> <span class='ocrx_word' id='word_1_138' title='bbox 1356 2793 1443 2882; x_wconf 90' lang='lat' dir='ltr'><strong>Q.</strong></span> <span class='ocrx_word' id='word_1_139' title='bbox 1493 2794 1862 2882; x_wconf 85' lang='lat' dir='ltr'><strong>Quorsum</strong></span> <span class='ocrx_word' id='word_1_140' title='bbox 1916 2799 2103 2868; x_wconf 87' lang='lat' dir='ltr'><strong>istuc</strong></span> <span class='ocrx_word' id='word_1_141' title='bbox 2137 2797 2211 2866; x_wconf 81' lang='lat'><strong>²?</strong></span> <span class='ocrx_word' id='word_1_142' title='bbox 2256 2801 2357 2870; x_wconf 90' lang='lat' dir='ltr'><strong>M.</strong></span> 
     </span>
     <span class='ocr_line' id='line_1_21' title="bbox 411 2908 2362 3005; baseline 0.003 -22"><span class='ocrx_word' id='word_1_143' title='bbox 411 2916 603 3005; x_wconf 86' lang='lat' dir='ltr'><strong>Quia</strong></span> <span class='ocrx_word' id='word_1_144' title='bbox 659 2937 849 2985; x_wconf 87' lang='lat' dir='ltr'><strong>nunc</strong></span> <span class='ocrx_word' id='word_1_145' title='bbox 882 2916 1060 2984; x_wconf 91' lang='lat' dir='ltr'><strong>item</strong></span> <span class='ocrx_word' id='word_1_146' title='bbox 1095 2918 1122 2958; x_wconf 79' lang='lat'><strong>⁸</strong></span> <span class='ocrx_word' id='word_1_147' title='bbox 1169 2909 1265 2983; x_wconf 85' lang='lat' dir='ltr'><strong>ab</strong></span> <span class='ocrx_word' id='word_1_148' title='bbox 1300 2908 1556 2982; x_wconf 92' lang='lat' dir='ltr'><strong>eodem</strong></span> <span class='ocrx_word' id='word_1_149' title='bbox 1595 2924 1667 2982; x_wconf 91' lang='lat' dir='ltr'><strong>et</strong></span> <span class='ocrx_word' id='word_1_150' title='bbox 1703 2938 1747 2986; x_wconf 89' lang='lat' dir='ltr'><strong>a</strong></span> <span class='ocrx_word' id='word_1_151' title='bbox 1783 2918 2038 2985; x_wconf 89' lang='lat' dir='ltr'><strong>ceteris</strong></span> <span class='ocrx_word' id='word_1_152' title='bbox 2075 2913 2208 2986; x_wconf 85' lang='lat' dir='ltr'><strong>diis</strong></span> <span class='ocrx_word' id='word_1_153' title='bbox 2242 2919 2362 2988; x_wconf 91' lang='lat' dir='ltr'><strong>im·</strong></span> 
     </span>
     <span class='ocr_line' id='line_1_22' title="bbox 407 3028 2360 3133; baseline 0.001 -27"><span class='ocrx_word' id='word_1_154' title='bbox 407 3031 832 3106; x_wconf 85' lang='lat' dir='ltr'><strong>mortalibus</strong></span> <span class='ocrx_word' id='word_1_155' title='bbox 863 3044 1034 3104; x_wconf 86' lang='lat' dir='ltr'><strong>sunt</strong></span> <span class='ocrx_word' id='word_1_156' title='bbox 1059 3028 1273 3102; x_wconf 88' lang='lat' dir='ltr'><strong>nobis</strong></span> <span class='ocrx_word' id='word_1_157' title='bbox 1295 3028 1556 3126; x_wconf 88' lang='lat' dir='ltr'><strong>agendi</strong></span> <span class='ocrx_word' id='word_1_158' title='bbox 1581 3031 1923 3130; x_wconf 85' lang='lat' dir='ltr'><strong>capienda</strong></span> <span class='ocrx_word' id='word_1_159' title='bbox 1945 3033 2360 3133; x_wconf 88' lang='lat' dir='ltr'><strong>primordia.</strong></span> 
     </span>
     <span class='ocr_line' id='line_1_23' title="bbox 406 3147 2068 3254; baseline -0.001 -28"><span class='ocrx_word' id='word_1_160' title='bbox 406 3156 496 3247; x_wconf 90' lang='lat' dir='ltr'><strong>Q.</strong></span> <span class='ocrx_word' id='word_1_161' title='bbox 529 3158 825 3254; x_wconf 86' lang='lat' dir='ltr'><strong>Optime</strong></span> <span class='ocrx_word' id='word_1_162' title='bbox 860 3176 1065 3242; x_wconf 86' lang='lat' dir='ltr'><strong>vero,</strong></span> <span class='ocrx_word' id='word_1_163' title='bbox 1103 3149 1352 3223; x_wconf 86' lang='lat' dir='ltr'><strong>frater:</strong></span> <span class='ocrx_word' id='word_1_164' title='bbox 1393 3164 1465 3222; x_wconf 92' lang='lat' dir='ltr'><strong>et</strong></span> <span class='ocrx_word' id='word_1_165' title='bbox 1500 3147 1663 3222; x_wconf 87' lang='lat' dir='ltr'><strong>fieri</strong></span> <span class='ocrx_word' id='word_1_166' title='bbox 1699 3154 1804 3224; x_wconf 89' lang='lat' dir='ltr'><strong>sic</strong></span> <span class='ocrx_word' id='word_1_167' title='bbox 1841 3151 2068 3226; x_wconf 89' lang='lat' dir='ltr'><strong>decet.</strong></span> 
     </span>
    </p>

    <p class='ocr_par' dir='ltr' id='par_1_4' title="bbox 408 3273 2363 3493">
     <span class='ocr_line' id='line_1_24' title="bbox 503 3273 2358 3376; baseline -0.001 -29"><span class='ocrx_word' id='word_1_168' title='bbox 503 3274 894 3347; x_wconf 85' lang='lat' dir='ltr'><strong>Videamus</strong></span> <span class='ocrx_word' id='word_1_169' title='bbox 916 3275 1140 3376; x_wconf 84' lang='lat' dir='ltr'><strong>igitur</strong></span> <span class='ocrx_word' id='word_1_170' title='bbox 1161 3295 1443 3360; x_wconf 75' lang='lat' dir='ltr'><strong>rursuS,</strong></span> <span class='ocrx_word' id='word_1_171' title='bbox 1462 3274 1886 3370; x_wconf 87' lang='lat' dir='ltr'><strong>priusquam</strong></span> <span class='ocrx_word' id='word_1_172' title='bbox 1908 3273 2358 3372; x_wconf 84' lang='lat' dir='ltr'><strong>agrediamur</strong></span> 
     </span>
     <span class='ocr_line' id='line_1_25' title="bbox 408 3390 2363 3493; baseline -0.001 -26"><span class='ocrx_word' id='word_1_173' title='bbox 408 3393 497 3467; x_wconf 85' lang='lat' dir='ltr'><strong>ad</strong></span> <span class='ocrx_word' id='word_1_174' title='bbox 517 3395 713 3493; x_wconf 87' lang='lat' dir='ltr'><strong>leges</strong></span> <span class='ocrx_word' id='word_1_175' title='bbox 743 3391 1076 3490; x_wconf 87' lang='lat' dir='ltr'><strong>singulas,</strong></span> <span class='ocrx_word' id='word_1_176' title='bbox 1101 3393 1247 3462; x_wconf 89' lang='lat' dir='ltr'><strong>vim</strong></span> <span class='ocrx_word' id='word_1_177' title='bbox 1278 3402 1757 3486; x_wconf 86' lang='lat' dir='ltr'><strong>naturamque</strong></span> <span class='ocrx_word' id='word_1_178' title='bbox 1779 3390 1987 3490; x_wconf 85' lang='lat' dir='ltr'><strong>legis:</strong></span> <span class='ocrx_word' id='word_1_179' title='bbox 2016 3418 2109 3465; x_wconf 90' lang='lat' dir='ltr'><strong>ne</strong></span> <span class='ocrx_word' id='word_1_180' title='bbox 2131 3419 2363 3492; x_wconf 91' lang='lat' dir='ltr'><strong>quum</strong></span> 
     </span>
    </p>
   </div>
   <div class='ocr_carea' id='block_1_3' title="bbox 2425 3172 2522 3356">
    <p class='ocr_par' dir='ltr' id='par_1_5' title="bbox 2425 3172 2522 3356">
     <span class='ocr_line' id='line_1_26' title="bbox 2427 3172 2484 3227; baseline 0 0"><span class='ocrx_word' id='word_1_181' title='bbox 2427 3172 2484 3227; x_wconf 78' lang='lat'><strong>8.</strong></span> 
     </span>
     <span class='ocr_line' id='line_1_27' title="bbox 2425 3299 2522 3356; baseline 0 0"><span class='ocrx_word' id='word_1_182' title='bbox 2425 3299 2522 3356; x_wconf 79' lang='lat' dir='ltr'><strong>lv.</strong></span> 
     </span>
    </p>
   </div>
   <div class='ocr_carea' id='block_1_4' title="bbox 412 3505 2481 3614">
    <p class='ocr_par' dir='ltr' id='par_1_6' title="bbox 412 3505 2481 3614">
     <span class='ocr_line' id='line_1_28' title="bbox 412 3505 2481 3614; baseline -0.001 -29"><span class='ocrx_word' id='word_1_183' title='bbox 412 3509 787 3585; x_wconf 82' lang='lat' dir='ltr'><strong>referenda</strong></span> <span class='ocrx_word' id='word_1_184' title='bbox 823 3513 968 3582; x_wconf 86' lang='lat' dir='ltr'><strong>sint</strong></span> <span class='ocrx_word' id='word_1_185' title='bbox 1013 3506 1103 3581; x_wconf 94' lang='lat' dir='ltr'><strong>ad</strong></span> <span class='ocrx_word' id='word_1_186' title='bbox 1145 3532 1302 3580; x_wconf 89' lang='lat' dir='ltr'><strong>eam</strong></span> <span class='ocrx_word' id='word_1_187' title='bbox 1340 3505 1553 3579; x_wconf 91' lang='lat' dir='ltr'><strong>nobis</strong></span> <span class='ocrx_word' id='word_1_188' title='bbox 1586 3513 1864 3601; x_wconf 90' lang='lat' dir='ltr'><strong>omnia,</strong></span> <span class='ocrx_word' id='word_1_189' title='bbox 1899 3510 2226 3585; x_wconf 86' lang='lat' dir='ltr'><strong>labamur</strong></span> <span class='ocrx_word' id='word_1_190' title='bbox 2257 3515 2365 3584; x_wconf 89' lang='lat' dir='ltr'><strong>in·</strong></span> <span class='ocrx_word' id='word_1_191' title='bbox 2460 3607 2481 3614; x_wconf 44' lang='grc'>-</span> 
     </span>
    </p>
   </div>
   <div class='ocr_carea' id='block_1_5' title="bbox 407 3629 2364 3965">
    <p class='ocr_par' dir='ltr' id='par_1_7' title="bbox 407 3629 2364 3965">
     <span class='ocr_line' id='line_1_29' title="bbox 413 3629 2363 3728; baseline 0.001 -25"><span class='ocrx_word' id='word_1_192' title='bbox 413 3629 699 3703; x_wconf 84' lang='lat' dir='ltr'><strong>terdum</strong></span> <span class='ocrx_word' id='word_1_193' title='bbox 734 3652 981 3702; x_wconf 86' lang='lat' dir='ltr'><strong>errore</strong></span> <span class='ocrx_word' id='word_1_194' title='bbox 1015 3630 1368 3699; x_wconf 86' lang='lat' dir='ltr'><strong>sermonis</strong></span> <span class='ocrx_word' id='word_1_195' title='bbox 1379 3679 1404 3714; x_wconf 92' lang='lat'><strong>,</strong></span> <span class='ocrx_word' id='word_1_196' title='bbox 1438 3631 2000 3728; x_wconf 85' lang='lat' dir='ltr'><strong>ignoremusque</strong></span> <span class='ocrx_word' id='word_1_197' title='bbox 2034 3636 2176 3703; x_wconf 85' lang='lat' dir='ltr'><strong>vim</strong></span> <span class='ocrx_word' id='word_1_198' title='bbox 2215 3658 2363 3705; x_wconf 85' lang='lat' dir='ltr'><strong>ser-</strong></span> 
     </span>
     <span class='ocr_line' id='line_1_30' title="bbox 414 3744 2361 3845; baseline 0.001 -23"><span class='ocrx_word' id='word_1_199' title='bbox 414 3753 648 3822; x_wconf 85' lang='lat' dir='ltr'><strong>monis</strong></span> <span class='ocrx_word' id='word_1_200' title='bbox 673 3763 702 3804; x_wconf 75' lang='lat'><strong>⁴</strong></span> <span class='ocrx_word' id='word_1_201' title='bbox 753 3752 910 3821; x_wconf 87' lang='lat' dir='ltr'><strong>eius</strong></span> <span class='ocrx_word' id='word_1_202' title='bbox 951 3771 1103 3845; x_wconf 92' lang='lat' dir='ltr'><strong>quo</strong></span> <span class='ocrx_word' id='word_1_203' title='bbox 1139 3750 1298 3820; x_wconf 90' lang='lat' dir='ltr'><strong>iura</strong></span> <span class='ocrx_word' id='word_1_204' title='bbox 1332 3744 1543 3819; x_wconf 90' lang='lat' dir='ltr'><strong>nobis</strong></span> <span class='ocrx_word' id='word_1_205' title='bbox 1575 3747 1983 3824; x_wconf 88' lang='lat' dir='ltr'><strong>definienda</strong></span> <span class='ocrx_word' id='word_1_206' title='bbox 2019 3757 2181 3824; x_wconf 91' lang='lat' dir='ltr'><strong>sint.</strong></span> <span class='ocrx_word' id='word_1_207' title='bbox 2271 3755 2361 3843; x_wconf 90' lang='lat' dir='ltr'><strong>Q.</strong></span> 
     </span>
     <span class='ocr_line' id='line_1_31' title="bbox 407 3865 2364 3965; baseline 0.002 -23"><span class='ocrx_word' id='word_1_208' title='bbox 407 3874 592 3942; x_wconf 85' lang='lat' dir='ltr'><strong>Sane</strong></span> <span class='ocrx_word' id='word_1_209' title='bbox 652 3867 951 3965; x_wconf 89' lang='lat' dir='ltr'><strong>quidem</strong></span> <span class='ocrx_word' id='word_1_210' title='bbox 1004 3865 1267 3939; x_wconf 88' lang='lat' dir='ltr'><strong>hercle.</strong></span> <span class='ocrx_word' id='word_1_211' title='bbox 1364 3870 1454 3940; x_wconf 88' lang='lat' dir='ltr'><strong>Et</strong></span> <span class='ocrx_word' id='word_1_212' title='bbox 1495 3881 1603 3941; x_wconf 87' lang='lat' dir='ltr'><strong>est</strong></span> <span class='ocrx_word' id='word_1_213' title='bbox 1642 3872 1775 3942; x_wconf 88' lang='lat' dir='ltr'><strong>ista</strong></span> <span class='ocrx_word' id='word_1_214' title='bbox 1815 3884 2011 3946; x_wconf 87' lang='lat' dir='ltr'><strong>recta</strong></span> <span class='ocrx_word' id='word_1_215' title='bbox 2052 3870 2364 3946; x_wconf 89' lang='lat' dir='ltr'><strong>docendi</strong></span> 
     </span>
    </p>
   </div>
   <div class='ocr_carea' id='block_1_6' title="bbox 473 4132 1934 4206">
    <p class='ocr_par' dir='ltr' id='par_1_8' title="bbox 473 4132 1934 4206">
     <span class='ocr_line' id='line_1_32' title="bbox 473 4132 1934 4206; baseline -0.001 -18"><span class='ocrx_word' id='word_1_216' title='bbox 473 4137 495 4176; x_wconf 70' lang='grc' dir='ltr'>Ι</span> <span class='ocrx_word' id='word_1_217' title='bbox 563 4133 834 4206; x_wconf 70' lang='lat' dir='ltr'><strong>Thyamis.</strong></span> <span class='ocrx_word' id='word_1_218' title='bbox 903 4136 929 4177; x_wconf 77' lang='lat'>²</span> <span class='ocrx_word' id='word_1_219' title='bbox 963 4135 1120 4188; x_wconf 66' lang='lat' dir='ltr'><strong>istud.</strong></span> <span class='ocrx_word' id='word_1_220' title='bbox 1191 4137 1215 4176; x_wconf 81' lang='lat'><strong>³</strong></span> <span class='ocrx_word' id='word_1_221' title='bbox 1251 4132 1453 4190; x_wconf 74' lang='lat' dir='ltr'><strong>itidem.</strong></span> <span class='ocrx_word' id='word_1_222' title='bbox 1524 4137 1551 4177; x_wconf 58' lang='grc' dir='ltr'>ἱ</span> <span class='ocrx_word' id='word_1_223' title='bbox 1592 4132 1934 4206; x_wconf 57' lang='lat' dir='ltr'><strong>{sermonis}</strong></span> 
     </span>
    </p>
   </div>
  </div>
 </body>
</html>
