3131 5032
1377 425 1510 498 157

701 624 930 680 carni·
980 624 1143 681 xm.

838 764 872 832 §
920 767 1008 820 57.

420 916 524 953 nee
553 901 609 951 in
638 901 790 954 vicii·
814 901 877 955 E.

419 1010 533 1045 non
559 994 751 1046 invitm
780 995 870 1060 4⁷,
909 978 1031 1047 1222

420 1086 587 1136 invita
620 1086 702 1138 10.

418 1193 572 1247 agam
606 1175 669 1227 D.

418 1268 562 1338 quod
591 1270 881 1338 accepimus
910 1271 993 1323 10.

423 1360 640 1429 (quum)
666 1362 969 1430 praesertim
994 1361 1139 1432 quod
1169 1359 1310 1413 nihil
1324 1363 1413 1436 65.

417 1468 528 1503 non
556 1452 685 1521 quid
716 1455 1018 1522 praesertim
1044 1455 1126 1506 10.

418 1542 560 1612 quod
589 1547 889 1613 praesertim
916 1545 963 1596 A
993 1546 1030 1597 B
1062 1564 1089 1596 ε
1120 1547 1409 1600 11.39.58.

487 1634 573 1687 96.
614 1635 730 1689 127.
765 1635 809 1687 11
843 1636 908 1688 V.

418 1741 527 1776 non
560 1725 700 1795 quod
729 1730 1030 1798 praesertim
1067 1727 1110 1781 G
1142 1730 1183 1782 E
1216 1748 1251 1780 α
1284 1732 1341 1785 δ.

417 1816 556 1869 bono
582 1817 821 1887 maloque
856 1820 938 1871 10.

417 1907 581 1959 dieata
608 1919 729 1961 aunt
755 1919 806 1961 te
838 1908 1046 1980 Licurgi
1076 1911 1139 1963 B.

417 2000 581 2051 dieata
613 2011 733 2052 aunt
759 2001 825 2053 A.

418 2109 593 2162 neque
620 2092 840 2164 Lycurgi
868 2091 911 2145 G
943 2110 999 2147 α.

420 2181 643 2253 Lycurgi
678 2183 852 2253 legem
880 2183 943 2236 D.

347 2316 356 2324 .
415 2274 533 2343 lege
565 2275 627 2326 R.

416 2383 516 2419 nee
544 2367 751 2420 Solonis
781 2367 846 2418 V.

415 2473 587 2527 neque
620 2468 813 2509 noeti-aa
846 2457 961 2510 120.

413 2549 685 2620 plebiscita
711 2550 980 2602 disseritur
1012 2549 1075 2603 C.

414 2642 661 2694 diaaenur
692 2643 752 2696 δ.

413 2750 585 2802 neque
616 2733 885 2803 plebiscita
918 2750 953 2782 α
989 2733 1073 2787 10.

412 2825 709 2877 desiderant
743 2827 823 2878 10.

418 2916 524 2985 (te)
556 2919 797 2970 existimo
836 2917 919 2969 10.

414 3018 528 3059 tum
567 3008 776 3079 populis
819 3027 854 3072 r
903 3006 986 3059 10.
1027 3006 1115 3058 39.
1158 3006 1247 3059 47.
1286 3006 1405 3059 120.

489 3101 602 3153 122.
638 3102 753 3153 127.
786 3099 853 3153 V·

413 3202 524 3243 tnm
556 3192 764 3260 (etiam)
802 3196 818 3243 Ι
827 3194 881 3244 0.

413 3281 584 3352 legem
624 3283 836 3335 vivendi
878 3281 968 3335 39.
1011 3282 1098 3333 47.
1144 3281 1231 3334 48.
1284 3280 1400 3333 120.

482 3374 599 3428 122.
639 3375 755 3426 124.
796 3375 910 3427 126.
950 3373 1066 3426 127.
1096 3370 1161 3424 V.

411 3464 649 3517 daturum
675 3475 810 3519 esaet
835 3484 890 3529 y.

412 3556 649 3609 daturum
665 3574 777 3610 aue
793 3556 950 3609 imina
965 3572 1086 3608 vero
1104 3557 1184 3607 10.
1203 3555 1320 3609 127.
1334 3554 1401 3609 V.

413 3648 653 3701 daturum
684 3665 794 3701 eane
830 3649 947 3702 120.
982 3646 1097 3699 124.
1132 3646 1248 3699 126.

830 3787 863 3854 5
898 3743 1005 3840 aas

409 3936 532 3974 vete
576 3921 937 3991 disputationis
979 3921 1021 3974 D
1062 3926 1107 3983 β
1137 3940 1165 3971 ε
1201 3923 1282 3972 11.
1311 3922 1399 3974 47.

482 4014 568 4066 49.
599 4014 689 4067 58.
719 4014 806 4068 65.
834 4014 921 4066 96.
954 4013 1066 4065 120.
1101 4012 1216 4065 122.
1244 4012 1306 4065 Β.

407 4108 674 4176 proprium
702 4117 781 4157 eat
808 4104 864 4158 id
892 4124 926 4171 r
959 4106 1044 4158 10.
1073 4105 1160 4159 39.
1191 4105 1308 4158 127.
1328 4105 1393 4159 V.

409 4196 659 4264 (utinam)
688 4197 775 4249 39.

1477 640 1616 683 esset
1650 630 1860 704 (etiam)
1893 635 1960 691 V.

1474 721 1676 773 utinam
1704 741 1844 777 nuno
1872 739 2006 781 eaaet
2035 730 2246 805 (etiam)
2279 754 2313 787 α
2343 740 2427 791 10.

1473 813 1628 863 etiam
1664 825 1798 867 esset
1827 817 1947 871 127.

1473 903 1744 957 interesset
1772 907 1859 960 39.

1472 996 1516 1046 ai
1547 997 1775 1065 profecto
1807 1001 1852 1050 A
1884 999 1924 1050 B
1953 1002 1993 1052 Ε
2026 1004 2108 1055 11.
2136 1006 2221 1057 65.

1473 1086 1546 1136 aie
1573 1088 1801 1156 profecto
1835 1108 1869 1154 y
1905 1093 1990 1144 10.
2022 1093 2089 1147 V.

1469 1175 1540 1225 ita
1570 1192 1653 1228 rea
1682 1194 1735 1228 ae
1768 1178 1925 1232 habet
1953 1181 1995 1232 Ι)
2026 1191 2069 1247 β
2101 1203 2151 1239 ε.

1474 1266 1596 1335 (ita)
1635 1284 1688 1319 ae
1725 1269 1806 1321 10.
1838 1270 1903 1322 V.

1471 1368 1527 1409 ut
1556 1376 1663 1426 quo
1689 1361 1775 1414 96.

1469 1451 1887 1506 emendationem
1923 1457 2037 1509 127.
2069 1459 2136 1512 V.

1470 1542 1873 1595 emendatricem
1899 1550 2143 1602 vitiorum
2182 1552 2262 1606 11.

1466 1635 1952 1705 commattieemque
1997 1641 2251 1706 virtutum
2274 1645 2321 1698 A
2350 1647 2389 1699 Β
2415 1649 2457 1702 Ε

1544 1727 1624 1775 11.
1659 1725 1745 1777 65.

1466 1818 1993 1889 commantrieemque
2026 1822 2093 1877 C.

1465 1908 1710 1959 virtutem
1734 1909 1799 1959 ab
1829 1926 1890 1962 ea
1914 1911 1979 1962 1).

1466 1996 1682 2049 invendi
1708 2000 1797 2051 58.

1467 2091 1537 2140 ita
1560 2092 1629 2141 ait
1661 2092 1740 2141 10·
1768 2093 1855 2143 58.

1470 2180 1579 2249 (ut)
1612 2194 1776 2234 mater
1807 2184 1887 2238 10.
1915 2187 2002 2240 39.
2042 2191 2158 2245 124.
2192 2194 2309 2248 126.

1464 2270 1717 2326 bonarum
1745 2278 1982 2330 omnium
2007 2298 2180 2335 rerum
2205 2286 2458 2344 124.126.

1464 2362 1716 2417 bonarum
1782 2371 1970 2420 antium
2031 2374 2118 2427 39.
2184 2377 2273 2430 47.
2337 2380 2456 2432 122.

1537 2456 1654 2508 124.
1695 2457 1810 2510 126.

1468 2547 1587 2618 (ait)
1619 2552 1870 2619 sapientia
1904 2553 1984 2624 (a)
2018 2556 2065 2609 A
2092 2558 2132 2609 Β
2163 2559 2229 2613 V.

1400 2674 1413 2683 ,
1469 2639 1592 2709 (ait)
1623 2643 1872 2710 sapientia
1920 2645 1963 2698 C
1999 2645 2042 2696 R
2070 2649 2107 2698 δ
2143 2652 2225 2703 10.
2259 2654 2342 2704 11.
2369 2655 2456 2708 39.

1536 2730 1624 2783 65.
1659 2731 1772 2785 127.

1464 2822 1715 2890 sapientia
1746 2824 1814 2874 ait
1845 2822 1924 2894 (a)
1961 2826 2003 2877 1)
2036 2847 2062 2879 ε
2094 2829 2158 2883 R.

1467 2912 1549 2981 (a)
1581 2913 1729 2966 euius
1757 2932 1814 2964 α.

1463 3002 1621 3056 verbo
1651 3002 1847 3056 Graeeo
1877 3023 1933 3058 α.

1463 3111 1568 3162 quo
1597 3094 1737 3146 nihil
1767 3114 1816 3149 ε.

1460 3187 1850 3256 praenobilium
1879 3188 1949 3243 G.

1466 3277 1656 3349 (nihil)
1690 3282 2051 3350 praestabilius
2079 3288 2166 3340 58.

1458 3371 1635 3422 datum
1672 3372 1799 3443 (est)
1838 3373 1899 3425 P..

1457 3462 1587 3515 haee
1628 3464 1774 3514 enim
1814 3482 1916 3517 una
1960 3486 2061 3521 vox
2100 3485 2222 3526 enm
2260 3486 2450 3533 cotem

1526 3571 1713 3607 omnes
1737 3572 1819 3608 rea
1850 3577 1905 3611 α.

1457 3644 1588 3698 haee
1616 3649 1761 3699 enim
1799 3649 1952 3720 (una)
1979 3670 2100 3706 eum
2127 3673 2222 3710 noa
2254 3661 2335 3714 10.

1458 3755 1643 3791 omnes
1666 3756 1749 3791 res
1782 3741 1865 3793 10.

1458 3841 1570 3881 tum
1600 3843 1679 3884 eat
1707 3832 1847 3902 quod
1871 3836 1959 3888 58.

1457 3922 1631 3974 doeuit
1663 3924 1770 3993 (ut)
1810 3925 1870 3976 B.
1932 3928 1940 3936 '

1454 4015 1757 4068 doceremus
1774 4020 1819 4069 A
1833 4017 1872 4068 Β
1891 4016 2056 4087 (corr.
2074 4037 2100 4074 e
2116 4028 2440 4097 noceremus)

1527 4109 1611 4158 11.
1642 4108 1727 4160 65.

1454 4213 1758 4252 noceremus
1789 4199 1848 4251 B.
