3131 5032
803 448 934 515 368
1489 442 1633 509 Lm.
1679 442 1744 524 1,
1801 444 1914 527 12,
1960 446 2064 512 3³.

877 654 1091 734 quibus
1111 673 1184 713 οε
1212 652 1383 713 mbas
1407 684 1488 696 —
1506 652 1770 711 meliores
1798 649 2003 732 efficit)
2082 647 2363 710 Nondum
2389 649 2762 713 satisfaciunt

791 777 951 837 quae
986 756 1064 816 ad
1096 756 1160 815 h.
1192 756 1234 815 l.
1262 754 1690 834 explicandum
1717 755 2130 832 excogitarunt
2158 752 2276 812 viri
2302 752 2486 815 docti.
2567 756 2757 816 Sensu

791 860 973 938 plane
1007 879 1168 920 cassa
1202 867 1346 918 sunt
1377 859 1560 931 haee,
1601 869 1752 918 recte
1790 857 2035 916 vivendi
2066 858 2221 915 ratio
2250 858 2516 916 meliores
2550 858 2752 935 efficit.

788 961 1017 1038 Verba,
1075 963 1229 1022 illud
1278 974 1596 1022 extremum
1636 972 1720 1020 est
1738 1006 1755 1035 ‚
1797 960 2127 1019 necessario
2159 957 2235 1019 ad
2272 980 2528 1039 sequens
2561 962 2751 1021 corol-

785 1063 1007 1124 larium
1036 1064 1454 1138 disputationis
1486 1061 1804 1122 referenda
1838 1070 2008 1138 sunt3
2056 1062 2571 1138 quemadmodum
2598 1065 2752 1123 illud

1512 3119 1784 3190 CAPUT
1827 3120 1969 3188 ΧΠ.

840 3334 882 3415 §
924 3333 1023 3394 33.
1104 3335 1372 3411 sequitur
1419 3333 1613 3413 igitur
1660 3364 1743 3378 —
1793 3343 2006 3391 natura
2061 3353 2179 3390 esse
2216 3331 2450 3414 factos)
2534 3333 2723 3393 liuius

759 3435 1176 3515 disputationis
1197 3433 1515 3493 vinculum
1538 3451 1680 3493 eum
1706 3435 2013 3512 superiore
2038 3433 2514 3514 deprehenditur
2540 3439 2718 3497 etiam

765 3539 895 3599 rin.
931 3539 1062 3613 111,
1104 3537 1221 3613 20,
1262 3537 1377 3611 66,
1426 3568 1509 3581 -
1562 3540 1721 3596 inter
1768 3559 1874 3597 nos
1927 3550 2143 3598 natura
2186 3572 2268 3583 —
2313 3544 2619 3602 coniuncti
2663 3553 2718 3600 et

633 3701 637 3704 .
762 3643 1087 3702 consociati
1133 3662 1367 3700 sumus:
1421 3640 1578 3719 quod
1621 3642 1692 3699 m’
1739 3641 1828 3699 ita
1877 3663 1939 3699 se
1985 3641 2216 3702 haberet
2232 3688 2249 3717 ‚
2291 3664 2399 3703 nec
2452 3646 2716 3704 iustitiae

758 3744 915 3803 ullus
952 3755 1096 3803 esset
1130 3764 1237 3804 nec
1271 3744 1528 3804 bonitati
1561 3745 1741 3803 locus.
1829 3744 2115 3822 Sequitur
2149 3747 2342 3825 igitur
2371 3747 2532 3807 bene
2565 3748 2714 3806 milri

759 3845 1002 3907 videtur
1035 3846 1410 3907 Heindorfius
1441 3848 1760 3906 restituere
1794 3846 1860 3906 iu
1890 3847 2022 3909 Nat.
2059 3847 2129 3906 1).
2160 3848 2220 3906 Π
2240 3894 2257 3923 ,
2298 3848 2409 3923 31,
2452 3849 2552 3910 79.
2583 3852 2714 3912 init.

842 3952 920 4011 ad
949 3952 1438 4031 participandum
1490 3952 1678 4011 alium
1726 3951 1800 4011 ab
1855 3952 1977 4011 alio
2020 3949 2128 4032 —)
2214 3952 2508 4014 Tractavit
2550 3955 2716 4015 hunc

758 4055 960 4116 locum
1013 4053 1341 4131 Madvigius
1390 4054 1456 4112 in
1504 4052 1872 4132 Programm.
1926 4054 2088 4117 laud.
2139 4076 2200 4135 p.
2256 4056 2345 4117 11.
2401 4078 2513 4137 sq.:
2573 4059 2718 4137 qui,

762 4158 973 4217 omissa
1005 4176 1210 4235 praep.
1244 4157 1319 4215 ab
1336 4202 1353 4230 ‚
1394 4176 1579 4236 quam
1615 4157 1829 4236 optimi
1862 4178 2107 4238 quoque
2143 4160 2264 4221 mei
2298 4159 2445 4220 libri
2481 4159 2720 4220 deside-
