3131 5032
741 420 869 483 484
1418 416 1561 485 [ΑΒ.
1608 415 1710 500 II,
1753 420 1832 495 5,
1895 418 1989 485 12.

734 626 908 704 qnasi
955 623 1277 702 corrigitur
1308 623 1673 703 praecedens
1705 623 1808 684 cui
1844 642 2112 704 praepos.
2149 625 2515 704 praefigitur.
2597 628 2704 689 Sic

731 728 897 789 Plato
936 736 998 787 et
1036 728 1248 787 Graeci
1284 727 1833 787 innumerabilibus
1870 728 2036 789 locis.

812 843 968 891 estne
1020 830 1090 889 ol>
1141 830 1210 889 id
1258 827 1479 909 ipsum)
1576 830 1669 891 Ita
1719 831 1934 911 optimi
1987 832 2221 911 quique
2269 831 2347 892 de
2395 834 2584 893 meis:
2624 833 2700 894 in

731 934 863 995 aliis
903 945 988 993 est
1021 932 1245 993 excidit
1279 941 1525 1011 propter
1556 932 1588 993 ἓ
1625 935 1806 995 finale
1843 937 2120 1016 praeced.
2150 937 2464 997 vocabuli:
2508 938 2697 1018 plane

730 1039 984 1116 exiguae
1025 1036 1395 1095 auctoritatis
1437 1037 1581 1096 libri
1625 1058 1796 1098 anne.
1878 1037 2196 1118 Perperam
2230 1040 2492 1100 Mosems
2523 1041 2692 1102 obse·

725 1143 937 1221 quitur
960 1140 1326 1215 *Gom-emin,
1368 1161 1520 1199 anne
1548 1142 1888 1201 restituenti
1907 1189 1926 1218 ,
1969 1143 2184 1222 »quod
2212 1154 2371 1203 estne
2402 1144 2468 1203 in
2497 1165 2693 1205 enun-

722 1245 928 1305 »ciato
965 1244 1347 1321 negationem
1382 1244 1711 1321 innuente,
1753 1265 1876 1305 non
1907 1246 2052 1325 poni
2083 1247 2492 1306 meminerit.”
2569 1246 2692 1307 Sed

727 1367 931 1426 neque
962 1347 1066 1406 hic
1090 1347 1329 1424 negatio
1361 1367 1397 1406 a
1431 1347 1834 1427 respondente
1860 1357 2266 1429 exspectatur,
2306 1369 2505 1429 neque
2530 1370 2689 1408 anne

725 1469 1016 1529 umquam
1034 1495 1053 1525 ,
1097 1448 1214 1508 nisi
1242 1449 1305 1508 in
1335 1449 1557 1526 altera,
1599 1451 1642 1510 i.
1676 1471 1731 1511 e.
1768 1452 2138 1513 adversativa
2166 1460 2336 1532 parte
2368 1452 2688 1532 bipartitae

723 1553 1085 1632 quaestionis
1117 1552 1364 1630 ponitur
1398 1552 1559 1630 apud
1594 1552 1977 1630 Ciceronem3
2022 1554 2087 1612 in
2123 1573 2248 1632 quo
2291 1573 2514 1632 genere
2544 1563 2692 1614 sunt

721 1656 923 1716 omnia
957 1656 1231 1734 exempla
1262 1654 1425 1734 apud
1457 1654 1760 1715 Handium
1792 1656 2040 1718 Tursell.
2068 1656 2118 1716 1.
2145 1676 2205 1735 p.
2233 1656 2355 1717 356
2372 1703 2391 1732 ,
2419 1658 2529 1737 qui
2561 1677 2689 1717 non

721 1759 861 1820 satis
896 1758 1220 1837 diligenter
1263 1757 1563 1818 definivit:
1607 1757 1709 1841 (ad
1743 1758 1866 1820 Att.
1910 1759 2060 1835 XII,
2106 1759 2200 1820 14.
2235 1768 2357 1835 est,
2399 1779 2523 1819 non
2563 1759 2688 1841 15).

717 1861 906 1922 Video
955 1882 1122 1923 nunc
1187 1862 1525 1922 consentire
1590 1881 1833 1921 meeum
1895 1861 2260 1941 Madvigium
2317 1862 2688 1940 Programm.

714 1966 881 2026 laud.
933 1986 995 2045 p.
1053 1964 1124 2041 9,
1180 1965 1290 2044 qui
1339 1984 1544 2023 veram
1597 1964 1921 2024 lectionem
1973 1965 2039 2023 in
2093 1984 2218 2025 uno
2261 1965 2449 2026 Havn.
2493 1965 2690 2026 latere

718 2068 982 2146 putabat.
1095 2065 1432 2145 Aliquoties
1489 2067 1560 2125 in
1625 2065 1734 2126 illa
1802 2066 1959 2128 coni.
2034 2088 2116 2127 an
2182 2067 2494 2128 turbatum
2557 2088 2688 2130 eme

714 2169 951 2230 dudum
1006 2168 1569 2228 animadverterunt
1622 2168 1739 2229 viri
1781 2169 2301 2249 praestantissimi,
2350 2179 2687 2250 postremus

715 2273 1046 2349 Madvigius
1085 2272 1192 2351 Ep.
1236 2271 1332 2333 Cr.
1376 2270 1455 2330 ad
1499 2271 1683 2332 Orell.
1731 2291 1793 2350 p.
1839 2271 1949 2331 77:
1992 2273 2182 2351 igitur
2221 2281 2468 2353 propter
2511 2274 2686 2335 illam

713 2376 840 2436 vim
886 2375 1070 2457 (cons.
1107 2374 1352 2435 Ruhnk.
1392 2374 1469 2435 ad
1502 2375 1745 2435 Sueton.
1781 2374 2033 2453 August.
2079 2373 2217 2456 54),
2259 2396 2444 2456 quam
2482 2378 2686 2456 attigit

710 2480 875 2541 idem
930 2478 1007 2540 ad
1058 2479 1186 2541 Fin.
1236 2477 1318 2556 V,
1375 2478 1482 2556 14,
1539 2478 1642 2540 40.
1686 2478 1799 2554 in„
1856 2478 1922 2539 in
1970 2477 2133 2541 Offic.
2173 2480 2238 2555 I,
2289 2480 2397 2556 15,
2438 2479 2536 2542 48.
2571 2480 2679 2544 fin.

707 2584 886 2659 hene,
906 2592 1105 2662 spreto
1128 2603 1347 2658 annon,
1371 2581 1632 2642 Orellius
1657 2581 1852 2642 edidit
1880 2603 1981 2641 απ.
2004 2615 2080 2628 -
2102 2582 2284 2659 Tum,
2312 2602 2682 2663 quamquam

708 2688 786 2746 ab
833 2686 1079 2765 optimis
1121 2686 1293 2744 libris
1332 2685 1529 2760 abest,
1572 2685 2039 2747 idservandum
2084 2685 2221 2747 fuit.
2304 2685 2505 2746 Utitur
2538 2706 2684 2747 sane

706 2790 893 2850 huius
926 2790 1043 2849 loci
1082 2789 1359 2867 exemplo
1397 2788 1517 2849 Iac.
1553 2788 1889 2850 Gronovius
1924 2786 2003 2847 ad
2037 2788 2165 2848 Liv.
2200 2788 2332 2848 XXI
2350 2835 2368 2865 ,
2414 2791 2528 2865 55,
2574 2790 2680 2866 11,

712 2902 782 2953 ut
835 2893 1200 2953 demonstret
1250 2892 1319 2951 id
1366 2900 1509 2952 ante
1550 2894 1753 2971 ipsum
1798 2892 2000 2952 abesse
2049 2911 2252 2971 posse3
2296 2891 2454 2953 conf.
2492 2891 2542 2951 1.
2582 2891 2678 2953 Fr.

707 2997 967 3058 Gronov.
1017 2996 1093 3057 ad
1139 2994 1213 3072 V,
1259 2994 1376 3069 43,
1427 2994 1496 3069 4,
1549 2995 1778 3074 aliique
1819 2995 2274 3055 commemorati
2309 3014 2345 3055 a
2379 2995 2679 3073 Madvigio

707 3099 785 3160 ad
817 3100 945 3160 Fin.
983 3099 1079 3174 11,
1120 3097 1235 3174 28,
1281 3097 1378 3159 93.
1428 3097 1601 3173 init.,
1641 3099 1752 3177 qui
1793 3098 2009 3158 merito
2051 3098 2204 3157 mihi
2254 3099 2533 3159 dubitare
2577 3098 2681 3157 vi-

709 3203 890 3264 detur
944 3203 1020 3263 de
1071 3201 1366 3263 eiusmodi
1410 3201 1594 3277 locis,
1648 3201 1846 3281 qualis
1888 3201 1994 3260 hic
2029 3209 2116 3260 est
2158 3201 2245 3262 De
2277 3202 2569 3281 Legibus,
2605 3199 2679 3261 in

708 3306 931 3385 quibus
977 3308 1104 3385 ipss
1151 3325 1275 3364 non
1321 3302 1607 3362 innititur
1650 3302 1904 3362 relativa
1935 3302 2262 3379 sententia,
2307 3310 2374 3361 ut
2412 3303 2477 3360 in
2511 3304 2633 3383 ipse
2651 3348 2676 3378 ,

708 3411 816 3488 qui
870 3408 1059 3469 audit.
1156 3406 1340 3466 Recte
1398 3406 1586 3485 igitur
1643 3405 1870 3465 iudicat
1926 3405 2004 3465 de
2064 3406 2197 3465 loco
2245 3405 2323 3466 ad
2371 3405 2503 3465 niv.
2555 3404 2635 3464 lv
2651 3450 2676 3480 ,

712 3511 822 3586 13,
864 3511 939 3585 2,
979 3522 1042 3570 ut
1071 3512 1299 3590 ipsum,
1340 3511 1496 3589 quod
1533 3530 1803 3569 mansam
1830 3512 1899 3568 in
1928 3512 2085 3586 vita,
2115 3530 2360 3590 peecare
2395 3531 2485 3569 me
2519 3511 2672 3569 esis·

707 3616 942 3687 timent,
985 3614 1051 3671 in
1096 3632 1220 3690 quo
1262 3613 1419 3692 quod
1459 3634 1535 3672 m.
1573 3615 1642 3671 in
1674 3634 1730 3672 v.
1768 3612 2055 3672 relativae
2098 3612 2430 3672 sententiae
2472 3612 2671 3672 vicem

706 3717 952 3797 explere
983 3715 1259 3791 videtur3
1292 3714 1806 3794 quemadmodum
1839 3718 2111 3778 excusari
2137 3717 2380 3777 sortasse
2407 3723 2670 3795 poterat,

709 3821 779 3882 ob
816 3823 1046 3901 ipsum,
1091 3820 1247 3898 quod
1276 3840 1342 3879 eo
1378 3831 1568 3895 caret,
1609 3820 1774 3898 quod
1794 3866 1811 3896 ,
1853 3822 1903 3880 si
1944 3821 2192 3897 liceret,
2232 3820 2318 3881 sic
2353 3820 2421 3879 in
2461 3818 2672 3879 infini-

704 3934 830 3985 tam
865 3925 1195 3984 orationem
1230 3922 1506 3982 contrahi
1533 3931 1798 4002 poterat,
1843 3925 1913 3984 ob
1941 3927 2138 4005 ipsum
2166 3945 2382 3987 carere.
2465 3922 2668 3985 Divin.

710 4028 958 4108 quidem
992 4027 1082 4103 11,
1131 4026 1243 4102 58,
1297 4025 1444 4101 119,
1487 4027 1816 4088 necessario
1845 4048 1956 4106 pro
1989 4040 2046 4088 et
2078 4030 2311 4109 ipsum,
2351 4046 2475 4086 non
2510 4039 2568 4087 et
2600 4027 2672 4086 id

709 4133 937 4212 ipsum,
997 4130 1101 4191 sed
1149 4130 1218 4189 id
1265 4132 1461 4210 ipsum
1516 4130 1943 4210 corrigendum
1991 4139 2112 4191 est:
2165 4150 2306 4191 nam
2348 4130 2531 4189 nihili
2578 4137 2672 4190 est
