3131 5032
1683 484 1764 556 12

751 724 1046 809 propter
1113 705 1310 777 hunc
1373 713 1805 773 concentum
1865 698 2102 768 avium
2163 697 2694 790 strepitumque

750 830 1162 915 fluminum,
1212 847 1360 894 non
1401 843 1655 894 vereor
1692 813 2348 913 condiscipulorum
2389 837 2481 884 ne
2524 816 2688 909 quis

751 945 1103 1020 exaudiat.
1193 948 1288 1015 M.
1338 944 1560 1038 Atqui
1591 935 1986 1010 cavendum
2019 947 2158 1006 est:
2194 932 2428 1003 solent
2459 935 2688 1018 enim,

747 1067 821 1139 id
857 1065 1058 1165 quod
1094 1069 1416 1136 virorum
1452 1060 1815 1133 bonorum
1848 1070 1988 1146 est,
2025 1052 2413 1128 admodum
2451 1056 2689 1142 irasci,

750 1211 889 1259 nec
931 1210 1102 1258 vero
1141 1182 1404 1270 ferent,
1451 1183 1513 1252 si
1546 1178 1902 1252 audierint
1937 1189 2011 1247 te
2041 1177 2353 1273 primum
2394 1185 2608 1272 caput
2641 1170 2692 1241 li

751 1307 1005 1404 optimi
1029 1312 1050 1349 ¹
1093 1299 1525 1401 prodidisse,
1577 1301 1652 1367 in
1689 1319 1838 1393 quo
1871 1295 2184 1391 scripsit,
2233 1289 2420 1360 nilzil
2451 1314 2695 1361 curare

594 1435 681 1486 ²²·
750 1424 953 1495 deum
970 1477 994 1511 ,
1045 1446 1174 1496 nec
1202 1422 1353 1507 sui,
1391 1443 1520 1489 nec
1552 1415 1787 1486 aliem‘.
1886 1416 2028 1485 Att.
2100 1415 2351 1508 Perge,
2402 1433 2694 1506 quaeso.

751 1547 933 1616 Nam
979 1539 1087 1630 id,
1137 1537 1336 1636 quod
1382 1537 1512 1608 tihi
1555 1536 1903 1623 concessi,
1953 1553 2264 1628 quorsus
2302 1531 2693 1628 pertineat,

755 1674 1111 1761 exspecto.
1217 1662 1315 1729 M.
1385 1659 1549 1728 Non
1603 1651 1854 1725 faciam
1915 1650 2233 1746 longius:
2303 1648 2452 1720 huc
2502 1650 2696 1719 enim

754 1785 1096 1883 pertinet:
1124 1775 1387 1851 animal
1416 1774 1562 1845 hoc
1587 1769 2000 1872 providum,
2024 1793 2262 1866 sagaX,
2286 1767 2696 1867 multiplex,

746 1915 1087 1988 acutum,
1163 1918 1471 1983 memor,
1541 1891 1836 1990 plenum
1905 1892 2198 1960 rationis
2255 1901 2327 1959 et
2385 1885 2697 1981 cqnsilii,

757 2043 971 2116 quem
1006 2037 1343 2087 vocamus
1374 2010 1776 2100 hominem,
1804 2007 2162 2107 praeclara
2188 2006 2498 2103 quadam
2532 2032 2702 2079 con·

756 2137 1032 2209 ditione
1083 2144 1499 2230 generatum
1545 2153 1700 2201 esse
1749 2152 1792 2200 a
1821 2150 2161 2225 supremo
2196 2125 2355 2198 deo.
2454 2125 2699 2198 Solum

759 2272 866 2330 est
903 2259 1096 2328 enim
1130 2278 1216 2326 ex
1249 2265 1359 2322 tot
1394 2251 1866 2323 animantium
1904 2246 2288 2345 generibus
2324 2260 2542 2343 atque
2574 2270 2702 2318 na-

756 2381 936 2449 turis
969 2377 1325 2475 particeps
1362 2372 1659 2443 rationis
1693 2381 1763 2439 et
1800 2369 2278 2463 cogitationiS,
2327 2390 2643 2464 quorum
2665 2370 2694 2409 ²

759 2511 995 2570 cetera
1023 2499 1167 2566 sint
1200 2493 1440 2564 omnia
1471 2491 1808 2589 expertia.
1880 2486 2075 2578 Quid
2103 2500 2210 2560 est
2236 2500 2511 2576 autem,
2546 2509 2697 2557 non

757 2616 990 2689 dicam
1030 2617 1104 2685 in
1139 2613 1463 2701 homine,
1503 2608 1627 2681 sed
1660 2613 1734 2679 in
1772 2612 1971 2679 omni
2005 2607 2201 2680 caelo
2229 2621 2447 2704 atque
2477 2621 2701 2696 terra,

686 2723 693 2729 ⁴
760 2740 1037 2809 ratione
1075 2730 1425 2805 divinius?
1474 2752 1659 2825 quae
1691 2753 1920 2825 quum
1952 2727 2258 2799 adolevit
2288 2742 2505 2824 atque
2541 2750 2706 2825 per·

604 2877 694 2930 23.
760 2854 942 2928 fecta
993 2867 1132 2942 est,
1189 2852 1606 2920 nominatur
1654 2849 1790 2917 rite
1830 2847 2193 2944 sapientia.
2291 2849 2413 2915 Fst
2452 2847 2705 2942 igitur,

760 2976 1106 3072 quoniam
1156 2967 1333 3040 nihil
1379 2978 1485 3038 est
1533 2967 1809 3037 ratione
1864 2963 2154 3053 melius,
2211 2987 2440 3060 eaque
2501 2976 2573 3034 et
2622 2966 2700 3034 in

759 3094 1055 3165 homine
1103 3102 1175 3159 et
1219 3091 1291 3156 in
1329 3084 1499 3174 deo,
1551 3088 1780 3181 prima
1814 3082 2093 3154 homini
2125 3108 2291 3154 cum
2322 3081 2463 3155 deo
2494 3085 2707 3155 ratio-

749 3215 864 3283 nis
910 3211 1229 3281 societas.
1327 3197 1523 3275 Inter
1559 3227 1746 3299 quos
1784 3216 2025 3276 autem
2063 3206 2276 3293 ratio,
2330 3207 2519 3275 inter
2550 3226 2707 3276 eos-

760 3330 926 3402 dem
970 3329 1182 3399 etiam
1227 3337 1417 3396 recta
1475 3325 1656 3395 ratio
1696 3336 1768 3394 et
1803 3329 1828 3368 ³
1878 3326 2280 3394 communis
2325 3337 2461 3395 est:
2513 3347 2705 3420 quae

760 3473 987 3547 quum
1030 3450 1124 3518 sit
1158 3445 1302 3535 lex,
1344 3442 1499 3541 lege
1545 3466 1840 3539 quoque
1883 3446 2320 3517 consociati⁴
2367 3443 2700 3515 homines

760 3592 926 3641 cum
970 3565 1106 3638 diis
1146 3562 1446 3664 putandi
1489 3587 1755 3635 sumuS.
1853 3567 2050 3635 Inter
2097 3588 2282 3659 quos
2323 3587 2545 3663 porro
2592 3575 2702 3635 est

761 3687 1173 3759 communio
1222 3684 1431 3781 legis,
1481 3686 1671 3755 inter
1709 3706 1833 3754 eos
1882 3685 2293 3754 communio
2333 3686 2511 3754 iuris
2555 3694 2701 3754 est:

762 3805 1030 3905 quibus
1076 3818 1316 3877 autem
1365 3802 1544 3875 haec
1578 3816 1746 3874 sunt
1792 3805 1979 3874 inter
2024 3827 2149 3876 eos
2180 3815 2206 3852 ⁶
2261 3805 2704 3895 communia,

1200 4009 1303 4016 nm
1322 4007 1455 4013 ..ἡ

820 4111 837 4146 ¹
876 4118 1027 4176 ceput
1051 4107 1147 4158 viri
1176 4106 1379 4174 optimi.
1454 4104 1474 4140 ²
1512 4117 1696 4169 quum.
1771 4104 1794 4137 ²
1839 4116 1940 4149 οηι.
1972 4108 2040 4149 et.
2113 4101 2136 4137 δ
2168 4099 2446 4150 conciliati.
2524 4102 2546 4136 ὕ
2588 4094 2712 4164 [in-

752 4202 828 4242 ter
856 4192 996 4260 eos].
