3131 5032
775 444 900 509 51ss
1350 440 1489 508 Lm.
1537 441 1633 526 ιι,
1695 444 1804 526 11,
1854 442 1962 510 27.
2012 446 2115 511 28.

785 712 788 715 ,
851 649 893 732 §
933 649 1032 713 27.
1112 648 1324 730 religio
1355 646 1602 726 Mam)
1678 649 1956 729 Suscepta
1999 655 2090 709 est
2117 649 2444 725 correctio,
2483 648 2590 710 sed
2626 669 2739 710 ne·

768 755 1018 814 cessaria
1065 761 1128 812 et
1177 773 1338 815 vera.
1435 752 1826 814 Vetustissimi
1887 752 2009 812 mei
2068 752 2339 831 proxime
2391 752 2735 829 accedunt,

762 879 976 937 parum
993 902 1011 931 ‚
1069 856 1469 936 superscripto
1517 864 1721 917 tamen
1775 867 1818 916 t.
1915 855 2001 916 De
2053 855 2169 916 hac
2221 856 2515 936 religione
2565 857 2731 918 cons.

772 961 973 1020 Festus
1022 981 1081 1021 v.
1128 981 1186 1021 v.
1243 960 1596 1040 Compitalia
1640 966 1703 1019 et
1745 960 2129 1040 Conceptivae
2155 961 2382 1040 feriae.
2426 993 2509 1005 —
2553 960 2728 1034 Quod

772 1063 953 1123 modo
992 1073 1410 1142 quum—tum
1440 1061 1658 1138 malui,
1692 1080 1878 1140 quam
1914 1072 2035 1121 tum
2067 1094 2148 1108 -
2180 1073 2306 1122 tum
2336 1061 2560 1139 edere,
2599 1062 2727 1123 vid.

770 1185 947 1244 supra
986 1165 1161 1240 adl,
1206 1165 1313 1239 11,
1353 1163 1452 1225 31.

846 1271 1074 1331 servari
1105 1268 1174 1326 id
1201 1278 1316 1342 ese,
1358 1268 1642 1347 quoniam
1673 1265 1780 1348 -)
1858 1266 2172 1347 Perper-am
2203 1269 2540 1329 secundum
2567 1269 2720 1347 opti·

771 1393 899 1434 mos
931 1373 1117 1431 libros
1148 1370 1314 1431 edidi
1346 1373 1602 1432 emori:
1641 1370 1971 1432 debueram
1998 1393 2226 1432 emm
2240 1419 2258 1448 ,
2289 1372 2458 1452 quod
2487 1380 2727 1452 propter

768 1496 933 1555 sequ.
970 1475 1236 1536 vocalem
1285 1481 1640 1554 corruptum
1683 1481 1789 1534 eet.
1870 1474 1987 1534 Sed
2017 1477 2254 1535 correxi
2287 1476 2728 1555 interpunctio-

773 1600 916 1641 nem
933 1625 953 1655 ,
1011 1598 1170 1658 quae
1216 1578 1294 1639 ab
1344 1578 1676 1638 editoribus
1723 1577 1884 1639 male
1921 1578 2333 1640 administrata
2361 1587 2423 1641 et
2453 1587 2732 1640 constru-

770 1687 1032 1745 ctionem
1058 1683 1389 1745 sententiae
1416 1690 1477 1742 et
1506 1683 1862 1742 sententiam
1895 1681 2080 1761 ipsam
2109 1690 2480 1762 corruperat.
2559 1681 2732 1743 Ritus

772 1789 908 1849 illos
950 1807 1188 1850 servare
1231 1785 1390 1847 nihil
1429 1785 1602 1848 aliud
1634 1793 1757 1862 est,
1797 1785 2035 1865 inquit,
2074 1785 2193 1846 nisi
2228 1806 2265 1847 a
2298 1785 2417 1846 diis
2449 1786 2732 1847 traditam

762 1890 1121 1970 religionem
1160 1890 1339 1951 tueri.

846 1996 1078 2053 animos
1127 1994 1396 2052 mortales
1440 2014 1562 2053 esee
1580 2038 1598 2067 ,
1655 1993 1760 2053 ced
1791 1991 2080 2075 sortium)
2159 1994 2431 2068 Quatuor
2466 1993 2548 2056 de
2582 1996 2732 2055 meis

766 2096 870 2155 sed
900 2095 1217 2155 omittunt:
1259 2094 1365 2153 sed
1401 2102 1604 2155 ortum
1639 2094 1758 2155 hoc
1793 2104 1883 2156 est
1923 2116 1997 2158 ex
2043 2096 2162 2158 alia
2193 2099 2570 2179 corruptela,
2607 2116 2731 2178 qua

765 2217 875 2276 pro
908 2219 1029 2256 esee
1057 2197 1159 2256 sed
1192 2196 1563 2256 scribebatur
1602 2209 1768 2261 esset.

763 2357 767 2361 ,
846 2301 988 2359 bene
1025 2320 1159 2359 vero
1205 2299 1361 2379 quod
1398 2300 1565 2360 Mem
1607 2298 1716 2380 —)
1797 2300 2066 2362 Similem
2109 2304 2466 2365 sententiam
2496 2305 2736 2364 ornavit

765 2412 975 2464 auctor
1005 2403 1165 2464 Orat.
1194 2410 1401 2463 contra
1429 2402 1732 2481 Aristogit.
1753 2402 1804 2464 I.
1825 2424 1884 2483 p.
1906 2404 2162 2469 780.16.
2183 2406 2253 2468 R.
2333 2407 2420 2467 De
2453 2407 2736 2468 Romanis

766 2507 1043 2568 classicus
1077 2507 1247 2568 locus
1278 2514 1367 2567 est
1402 2505 1713 2567 Plutarchi
1746 2506 1901 2569 Fort.
1935 2507 2106 2571 Rom.
2140 2530 2200 2589 p.
2241 2509 2393 2587 322,
2433 2510 2506 2586 C,
2546 2530 2736 2591 quem

765 2632 889 2674 non
918 2610 1185 2690 neglexit
1220 2610 1471 2691 Peyron.
1503 2610 1576 2670 ad
1615 2610 1828 2689 fragm.
1858 2633 1969 2692 pro
1997 2614 2217 2675 Scauro
2242 2635 2302 2694 p.
2335 2615 2475 2677 219.
2505 2615 2733 2676 Beier.:

761 2714 923 2777 conf.
953 2715 1078 2793 ipse
1105 2713 1296 2773 Beier.
1316 2713 1394 2773 ad
1412 2712 1576 2775 Offic.
1596 2714 1720 2790 111,
1749 2714 1860 2791 29,
1897 2716 2031 2777 104.
2061 2725 2122 2777 et
2147 2717 2349 2779 Livius
2372 2719 2499 2794 XL,
2529 2719 2640 2793 34,
2672 2721 2734 2781 5.

1352 2838 1379 2876 ο
1399 2818 1557 2897 quod
1575 2819 1737 2877 Mens
1755 2851 1835 2863 —
1853 2819 2029 2880 Fides
2048 2834 2421 2882 consecratur
2433 2843 2612 2883 manu
2627 2820 2738 2902 —)

1352 2919 1388 2980 is
1408 2928 1556 2998 puto
1582 2921 2021 2981 restituendum
2048 2943 2172 2984 ease
2196 2936 2634 2986 consecrantur.-
2667 2924 2735 2984 in

1352 3024 1797 3084 enumeratione
1818 3044 1977 3104 quae
2005 3027 2238 3087 nullam
2254 3028 2439 3088 habet
2462 3028 2735 3108 anapho-

1352 3126 1513 3187 ctivo
1545 3127 1808 3207 quodam
1834 3129 2250 3206 concluditur,
2283 3131 2430 3192 ferri
2456 3153 2577 3193 non
2602 3139 2734 3211 pot·

1352 3229 1513 3289 tlare.
1595 3229 1767 3303 Quod
1804 3238 2006 3290 autem
2050 3230 2375 3292 haeserunt
2418 3232 2536 3292 viri
2568 3232 2732 3294 docti

1374 3332 1539 3411 quod
1555 3332 1620 3392 h.
1640 3332 1682 3392 l.
1718 3354 1840 3393 non
1869 3332 2258 3412 cogitandum
2285 3344 2435 3396 esset
2461 3336 2540 3396 de
2564 3356 2733 3397 more

1352 3434 1675 3502 nudorum,
1699 3436 1765 3494 in
1793 3453 1866 3497 eo
1883 3435 2014 3496 salli
2041 3436 2194 3496 mihi
2213 3438 2523 3501 videntur.
2562 3440 2734 3517 Nam,

1352 3557 1373 3597 a
1405 3539 1735 3598 necessario
1768 3538 1844 3598 ad
1879 3539 2078 3618 legem
2118 3540 2558 3603 defendendam
2597 3563 2732 3624 per·

1352 3641 1462 3718 ipsa
1475 3638 1813 3721 (earumque
1837 3643 2078 3703 laudmn
2102 3645 2342 3705 delubra
2370 3647 2568 3726 cuneo)
2584 3654 2731 3707 tem·

1352 3763 1427 3801 ur
1441 3788 1459 3817 ,
1503 3763 1819 3822 quumque
1848 3763 1924 3805 ex
1960 3745 2206 3807 illorum
2235 3749 2600 3827 templorum
2629 3749 2732 3809 ad·

680 3871 693 3880 ·
776 3852 987 3924 spectu
1004 3844 1120 3904 hoc
1134 3841 1282 3902 oriri
1300 3844 1488 3921 dicat,
1515 3854 1612 3922 ut,
1637 3846 1747 3925 qui
1766 3848 1900 3908 illas
1911 3849 2164 3911 virtutes
2178 3851 2468 3928 habeant,
2489 3853 2630 3914 deos
2646 3854 2733 3933 ip-

778 3970 871 4011 sos
897 3951 962 4009 in
980 3947 1194 4009 animis
1212 3948 1334 4008 suis
1348 3949 1666 4011 collocatos
1681 3960 1896 4030 putent
1910 3933 2445 4034 (quemadmodum
2470 3957 2733 4016 similem

776 4054 1126 4133 opinionem
1149 4052 1229 4114 de
1256 4052 1373 4113 diis
1396 4053 1624 4114 firmari
1644 4056 1710 4116 in
1735 4056 2054 4118 hominum
2080 4060 2296 4120 animis
2320 4058 2500 4121 modo
2526 4059 2735 4141 dixit),

779 4156 1066 4236 equidem
1117 4177 1240 4220 non
1291 4166 1439 4236 puto
1486 4158 1820 4241 quidquam
1869 4160 2038 4223 aliud
2094 4162 2558 4241 intelligendum
2609 4184 2741 4225 esse
