3131 5032
1142 389 1287 458 Lis.
1332 390 1401 477 1,
1455 390 1572 478 19,
1618 394 1728 461 ⁵2.
2286 401 2414 465 425

536 598 933 679 pecuniam
976 597 1235 679 igiturP)
1313 598 1484 658 Hunc
1517 599 1926 662 accusativum
1956 620 2032 661 ex
2065 603 2420 665 attractione

467 709 630 761 recte
677 698 972 779 explicuit
1020 700 1351 780 Madvigius
1399 701 1480 761 ad
1527 701 1658 763 Fiu.
1715 702 1814 779 11,
1864 703 1979 780 27,
2032 703 2131 765 88.
2165 725 2226 785 p.
2259 706 2415 768 295:

467 803 882 883 postulabatur
913 803 1078 862 enim
1099 805 1436 883 pecuniane
1466 806 1662 885 igitur
1692 805 1908 867 melior
1943 809 2070 870 est?

547 926 729 985 quum
767 906 984 966 adeunt
999 950 1017 981 ‚
1046 926 1345 987 perparvo
1384 905 1546 988 sunt)
1626 908 1782 968 llaec
1814 908 1866 968 si
1899 929 2042 970 sana
2072 919 2246 989 sunt,
2284 931 2423 974 con·

465 1010 739 1088 sequitur
790 1007 1001 1069 eadem
1057 1027 1252 1088 quum
1310 1009 1539 1083 absint,
1596 1010 1822 1072 maiora
1889 1032 2047 1073 esse:
2105 1013 2272 1093 quod
2321 1015 2424 1074 vix

467 1111 807 1172 ferendum.
886 1111 958 1171 Et
989 1120 1189 1173 tamen
1223 1113 1561 1192 requiritur
1592 1112 1687 1190 id,
1722 1114 1888 1193 quod
1920 1116 1997 1176 ad
2029 1116 2424 1177 minuendam

468 1234 679 1275 eorum
724 1215 1022 1276 bonorum
1062 1215 1416 1294 dignitatem
1450 1216 1769 1294 pertineat.
1848 1219 2044 1292 Quare
2075 1219 2199 1279 levi
2232 1228 2422 1280 muta·

467 1318 632 1379 tione
678 1319 803 1398 legi
852 1320 1074 1399 poterit
1098 1321 1384 1399 perparvi
1416 1320 1573 1390 fiunt
1588 1365 1608 1395 ,
1648 1327 1718 1379 ut
1752 1318 1913 1381 dicat
1928 1365 1947 1396 ,
1986 1321 2097 1401 qui
2129 1322 2387 1382 habeant
2405 1367 2423 1398 ‚

464 1440 589 1480 non
636 1422 903 1481 multum
947 1442 1195 1499 curare;
1241 1429 1372 1480 tum
1405 1441 1531 1482 esse
1559 1422 1879 1483 instabilia.
1961 1423 2179 1485 Contra
2209 1425 2423 1504 Epicu·

463 1542 606 1582 reus
626 1524 1038 1603 praesenffbu
1070 1527 1159 1584 ita
1183 1525 1418 1604 potitur
1425 1569 1445 1600 ,
1484 1536 1553 1584 ut
1592 1526 2022 1586 aninmdvertat
2049 1539 2272 1605 quanta
2300 1529 2425 1587 sint

465 1645 536 1685 eo
569 1646 857 1707 quamque
885 1627 1178 1701 iucunda,
1213 1627 1342 1688 Pin.
1371 1626 1435 1703 1,
1473 1626 1577 1703 19,
1608 1627 1710 1689 62.
1790 1627 2108 1689 Diversum
2141 1637 2229 1689 est
2259 1629 2426 1710 quod

461 1728 615 1789 dicit
652 1729 801 1791 ibid.
843 1730 937 1807 11,
977 1729 1078 1790 28.
1120 1731 1253 1791 init.
1293 1731 1414 1789 ista
1442 1751 1639 1810 parva
1676 1742 1831 1792 sum.

454 1841 463 1851 ·
542 1828 860 1911 videtisne)
955 1827 1140 1891 Vetus
1186 1830 1479 1891 mendum
1529 1830 1713 1891 fuisse
1766 1831 2047 1912 videtur,
2085 1834 2253 1914 quod
2303 1837 2429 1895 mei

459 1952 708 2012 quoque
761 1931 906 1992 libri
956 1931 1220 2008 habent,
1275 1933 1581 1993 videturne
1597 1978 1616 2009 ,
1658 1941 1859 1993 ortum
1895 1955 1971 1995 ex
2001 1936 2426 1997 terminatione

459 2034 737 2115 praeced.
802 2033 1005 2095 verbi:
1067 2043 1199 2095 tum
1261 2035 1328 2094 iu
1378 2035 1694 2096 nonnullis
1750 2045 1890 2098 ante
1937 2038 2057 2098 hoc
2102 2038 2424 2118 interpola-

462 2145 595 2198 tum
633 2137 753 2199 sed.

540 2253 715 2321 atque
767 2252 838 2301 ue
883 2260 959 2301 es·
1009 2241 1133 2300 alio
1182 2240 1311 2300 alia
1354 2239 1688 2323 nouantur)
1768 2242 1933 2303 Unus
1983 2262 2260 2305 meorum
2276 2289 2297 2322 ,
2338 2244 2383 2304 Β
2401 2291 2421 2323 ,

458 2343 646 2405 habet
676 2364 749 2405 ex
779 2343 951 2420 aliis,
985 2343 1093 2406 sed
1121 2351 1463 2405 correctum
1490 2364 1567 2405 ex
1593 2366 1666 2406 ex
1697 2346 1857 2405 alio:
1886 2353 1959 2405 ut
1988 2347 2125 2406 satis
2149 2356 2422 2409 constans

460 2446 537 2506 sit
588 2446 771 2507 huius
829 2446 1103 2509 lectionis
1158 2447 1499 2507 auctoritas.
1598 2447 1743 2507 Eam
1807 2455 2012 2506 tamen
2061 2448 2422 2510 condemnat

459 2549 823 2610 Goerenzius
864 2547 993 2629 (cui
1040 2547 1299 2608 Moserus
1348 2545 1809 2630 obtemperavit)
1856 2547 2092 2628 duplici
2140 2552 2422 2630 nomine,

457 2661 594 2713 tum
625 2644 791 2732 quod
824 2651 1160 2711 subiectum
1192 2651 1481 2730 praeponi
1518 2651 1703 2711 soleat
1743 2651 1927 2731 (alius
1958 2674 2032 2713 ex
2064 2652 2211 2735 alio)
2228 2701 2246 2730 ,
2289 2662 2418 2717 tum

456 2754 628 2835 quod
672 2773 964 2814 numerus
1004 2752 1168 2813 idem
1217 2773 1374 2814 esse:
1416 2762 1480 2814 et
1523 2754 1609 2814 sic
1651 2754 1895 2815 Beierus
1926 2756 2006 2816 ad
2037 2755 2200 2820 Offic.
2239 2758 2304 2834 1,
2345 2759 2420 2838 7,

457 2856 578 2933 22,
617 2856 727 2937 qui
757 2864 961 2916 tamen
992 2855 1073 2915 ad
1103 2854 1171 2932 1,
1212 2854 1328 2931 32,
1371 2854 1509 2917 115.
1544 2876 1607 2935 p.
1637 2855 1759 2917 248
1806 2857 2203 2938 (ipsarumque
2230 2862 2415 2922 virtu-

458 2970 587 3021 tum
619 2961 691 3017 in
719 2958 847 3019 alia
879 2959 1038 3018 alius
1063 2958 1291 3018 mavult
1317 2956 1622 3039 excellere)
1645 2958 1931 3037 restringi
1964 2961 2209 3039 agnovit
2243 2963 2413 3024 illam

457 3061 735 3142 reg-ulam
765 3060 844 3122 de
875 3061 1147 3122 subiecto
1175 3060 1624 3140 praeponendo.

531 3167 685 3247 quin
735 3165 973 3225 habebar
1020 3166 1259 3247 longius
1275 3211 1294 3241 ,
1331 3166 1462 3225 nisi
1491 3186 1585 3225 me
1620 3163 2017 3246 retinuissem)
2093 3166 2170 3227 In
2206 3167 2411 3229 huius·

451 3270 622 3333 modi
672 3278 1013 3349 temporum
1060 3267 1504 3348 modorumque
1553 3268 1981 3329 coniunctione
2031 3268 2295 3353 (labebar
2328 3303 2412 3318 -—

448 3370 847 3453 retinuissem)
876 3371 1145 3435 solebant
1176 3380 1351 3434 antea
1382 3372 1702 3451 enallagen
1739 3391 2060 3451 agnoscere
2095 3374 2214 3434 viri
2245 3373 2410 3437 docti

450 3476 589 3557 (pro
630 3479 829 3558 lapsus
878 3473 1084 3556 mem)
1095 3499 1125 3549 ,-
1165 3475 1245 3535 de
1280 3495 1404 3555 quo
1436 3495 1660 3555 genere
1693 3475 2097 3555 Heusingerus
2128 3478 2207 3538 ad
2238 3476 2404 3540 offic.

450 3576 554 3652 11,
598 3576 631 3635 1
651 3623 669 3652 ,
715 3579 790 3653 5,
842 3584 903 3637 et
954 3576 1130 3637 Conr.
1176 3577 1352 3638 Heus.
1403 3577 1471 3637 in
1521 3577 1774 3639 Praefat.
1819 3598 1882 3658 p.
1928 3578 2072 3642 LVI.
2108 3599 2195 3660 sq.
2227 3580 2404 3643 Gara-

451 3678 653 3739 tonius
697 3677 778 3739 ad
827 3678 1028 3741 nilon.
1086 3680 1189 3759 17,
1251 3680 1360 3758 45,
1418 3679 1497 3741 ad
1551 3681 1706 3741 Sext.
1759 3681 1859 3744 67.
1912 3700 1972 3760 p.
2014 3682 2153 3745 274.
2198 3703 2252 3746 a.
2332 3685 2405 3745 Et

449 3780 695 3842 Beierus
743 3778 994 3862 quidem
1025 3802 1342 3862 perperam
1373 3784 1499 3844 huc
1530 3784 1833 3845 referebat
1862 3785 2068 3845 locum
2102 3785 2400 3864 0ffi0.11‚

449 3884 569 3961 19,
607 3884 714 3962 67,
753 3885 1096 3945 admmbat
1138 3907 1229 3946 me
1271 3908 1391 3963 res,
1442 3898 1512 3947 nu
1545 3887 1654 3948 hoc
1687 3909 1913 3969 quoque
1950 3889 2074 3948 loco
2109 3891 2401 3949 ἐπίοι-νηίο-

446 3990 672 4049 sionem
722 3988 1085 4069 eloquentiae
1132 4021 1210 4036 —
1265 3990 1647 4072 deplorarem,
1695 3993 1768 4050 m·
1815 4010 2187 4064 vererer—,-
2226 3992 2398 4070 quasi

444 4099 597 4155 emet
641 4112 755 4172 pro
803 4091 1164 4154 admont.-
1221 4093 1325 4155 sed
1372 4096 1501 4155 nisi
1541 4115 1767 4155 vererer
1792 4092 2087 4155 sententia
2115 4093 2395 4155 cohaeret
