3131 5032
454 606 634 678 tollit
692 618 810 677 aut
865 604 1293 697 dignitatem,
1358 607 1494 676 suis
1538 617 1609 674 et
1665 605 2012 698 praeclaris
2068 611 2235 681 nitet
2276 612 2401 681 do-

450 733 660 805 tibus.

556 861 763 954 Attigi
815 859 1271 955 quaestionem
1325 881 1448 929 nec
1511 859 1726 929 levem
1744 893 1774 950 ‚·
1827 883 1951 932 nec
1966 914 1987 952 ,
2050 882 2129 933 ut
2190 878 2357 957 puto
2378 914 2399 951 ‚

448 991 755 1061 otiosam.
853 986 1070 1057 Sentis
1114 986 1332 1076 enim,
1363 998 1545 1057 certo
1577 988 1751 1078 scio,
1791 1010 2056 1059 mecum
2076 1041 2098 1079 ‚
2129 990 2402 1084 Zumpti

453 1112 1014 1210 praestantissime
1033 1165 1054 1203 ,
1116 1111 1369 1182 nullam
1416 1125 1678 1209 partem
1703 1116 1902 1208 ⁴eius,
1950 1137 2150 1209 quarn
2193 1114 2406 1209 profi·

448 1254 714 1329 tamur,
753 1237 1144 1334 disciplinae
1169 1251 1345 1309 stare
1371 1262 1568 1333 posse
1587 1292 1608 1331 ‚
1640 1242 1766 1313 nisi
1806 1262 1886 1311 ex
1914 1263 1993 1312 ea
2025 1242 2404 1336 gravissima

448 1367 839 1438 deliberatio
895 1368 1267 1437 eommunis
1319 1379 1389 1437 et
1438 1368 1803 1462 praesentis
1847 1367 2237 1440 eruditionis
2282 1391 2404 1438 ne·

452 1506 723 1579 ctatur3
770 1491 1026 1563 tamdiu
1085 1493 1290 1585 igitur
1339 1493 1497 1564 huic
1539 1493 1769 1566 studio
1823 1496 2152 1566 Ciceronis
2198 1497 2404 1566 inter·

452 1618 761 1714 pretandi
817 1632 889 1690 et
950 1617 1350 1688 emendandi
1412 1641 1545 1689 non
1606 1618 1996 1692 defutmmm
2038 1620 2364 1692 honorem
2379 1673 2401 1710 ‚

449 1743 779 1840 quamdiu
832 1744 1240 1839 intelligetur
1280 1757 1352 1815 et
1394 1768 1531 1815 non
1576 1758 1937 1816 extremam
1977 1744 2404 1818 humanitatis

454 1870 723 1941 laudem
786 1873 857 1939 in
917 1871 1212 1941 oratione
1267 1870 1581 1965 polienda
1621 1870 2116 1967 excolendaque
2156 1873 2404 1944 consis-

451 2011 627 2088 tere,
676 2012 746 2068 et
800 1996 1218 2092 permultum
1265 1997 1349 2066 ad
1396 1993 1596 2069 huius
1625 1996 1957 2069 facultatis
1990 1999 2408 2070 exercitatio-

451 2145 610 2194 nem
658 2124 991 2217 pertinere
1027 2124 1083 2195 si
1119 2122 1643 2194 animadvertere
1676 2147 2011 2196 assuescas
2052 2148 2258 2219 quam
2301 2137 2406 2195 te-

451 2248 702 2321 nuibus
741 2248 1042 2319 radicum
1078 2246 1270 2319 fibris
1307 2248 1422 2318 illa
1455 2250 1667 2320 virtus
1700 2250 1973 2321 nitatur.
2071 2250 2258 2338 Quae
2289 2252 2409 2344 qui

452 2375 862 2469 largiuntur,
896 2397 1021 2446 nec
1053 2387 1276 2446 tamen
1304 2376 1551 2470 requiri
1583 2387 1829 2470 putant
1856 2377 2150 2447 virorum
2181 2376 2406 2448 docto-

452 2526 607 2573 rum
656 2501 958 2573 studium
1010 2502 1079 2571 in
1125 2513 1427 2572 veterum
1479 2503 1929 2574 monumentis
1966 2503 2210 2595 ingenii
2251 2526 2407 2598 per·

456 2629 814 2723 purgandis
846 2630 1138 2724 positum
1163 2680 1184 2718 ,
1222 2628 1407 2722 quod
1439 2629 1599 2699 satis
1632 2629 1995 2699 tolerabilia
2022 2631 2157 2700 sint
2187 2631 2405 2700 exem·

453 2755 570 2850 pla
630 2756 876 2849 quibus
930 2778 1110 2825 nunc
1149 2767 1458 2844 utamur,
1508 2755 1629 2826 hos
1677 2755 1998 2825 dedocent
2041 2756 2159 2848 qui
2204 2754 2405 2843 velit,

453 2905 496 2950 a
537 2903 646 2950 me
686 2892 763 2950 ut
801 2879 915 2950 fiat
957 2893 1029 2950 tu
1071 2878 1371 2974 profecto
1404 2903 1587 2949 nunc
1617 2904 1752 2949 non
1781 2878 2100 2974 postulas.
2178 2880 2408 2972 Neque

452 3006 639 3076 illam
718 3008 928 3101 ipsam
1011 3006 1468 3101 quaestionem
1552 3027 1896 3099 aggressus
1955 3025 2167 3075 essem
2192 3055 2214 3092 ‚
2280 3005 2407 3075 nisi

452 3147 677 3203 tecum
707 3133 1019 3202 sentirem
1037 3183 1058 3221 ,
1081 3131 1517 3202 metuendum
1540 3152 1684 3203 esse
1710 3153 1796 3201 ne
1827 3131 2134 3201 iuventus
2154 3182 2176 3220 ‚
2196 3154 2402 3225 quam

448 3257 991 3329 dedocuissemus
1043 3268 1265 3328 vetera
1321 3257 1626 3351 exempla
1685 3257 2140 3352 superstitiose
2199 3278 2401 3327 vene-

450 3386 581 3454 rari
602 3436 624 3474 ‚
688 3407 768 3455 ac
820 3384 1043 3478 potius
1102 3383 1540 3454 intentissimo
1596 3383 1822 3455 studio
1866 3394 1945 3452 ut
1984 3380 2400 3474 singulorum

452 3513 731 3582 virtutes
757 3512 1050 3604 vitiaque
1069 3509 1454 3603 indagarent
1477 3508 1967 3603 impulissemus
1984 3559 2005 3598 ‚
2032 3507 2119 3576 ad
2141 3529 2400 3578 eorum·

451 3636 608 3706 dem
667 3646 1084 3706 contemtum
1138 3634 1639 3730 prolabereturz,
1712 3658 1751 3704 a
1796 3657 1934 3728 quo
1988 3631 2274 3703 levitatis
2331 3644 2402 3701 et

453 3765 764 3834 vanitatis
812 3762 998 3833 initio
1042 3762 1162 3855 qui
1205 3764 1419 3832 exitus
1466 3774 1686 3833 essent
1731 3757 2196 3854 exspectandi,
2244 3781 2401 3852 per-

446 3892 639 3988 sequi
696 3914 832 3962 non
888 3890 1146 3959 attinet.
1246 3888 1573 3984 Equidem
1626 3911 1933 3984 pergam,
1982 3897 2062 3956 ut
2105 3885 2398 3973 institui,

448 4032 568 4111 ut,
598 4028 935 4112 quantum
971 4014 1132 4087 mihi
1164 4014 1440 4089 aliarum
1468 4015 1903 4109 scriptionum
1935 4010 2202 4085 consilia
2236 4023 2398 4083 tem·
