<?xml version="1.0" encoding="UTF-8"?>
<!DOCTYPE html PUBLIC "-//W3C//DTD XHTML 1.0 Transitional//EN"
    "http://www.w3.org/TR/xhtml1/DTD/xhtml1-transitional.dtd">
<html xmlns="http://www.w3.org/1999/xhtml" xml:lang="en" lang="en">
 <head>
  <title>
</title>
<meta http-equiv="Content-Type" content="text/html;charset=utf-8" />
  <meta name='ocr-system' content='tesseract 3.04.00' />
  <meta name='ocr-capabilities' content='ocr_page ocr_carea ocr_par ocr_line ocrx_word'/>
</head>
<body>
  <div class='ocr_page' id='page_1' title='image "./mtulliiciceroni02bakegoog_0644.png"; bbox 0 0 3131 5032; ppageno 0'>
   <div class='ocr_carea' id='block_1_1' title="bbox 1185 469 2478 555">
    <p class='ocr_par' dir='ltr' id='par_1_1' title="bbox 1185 469 2478 555">
     <span class='ocr_line' id='line_1_1' title="bbox 1185 469 2478 555; baseline 0.004 -20"><span class='ocrx_word' id='word_1_1' title='bbox 1185 469 1325 537; x_wconf 79' lang='lat' dir='ltr'><strong>Lm.</strong></span> <span class='ocrx_word' id='word_1_2' title='bbox 1374 469 1476 555; x_wconf 86' lang='lat'><strong>11,</strong></span> <span class='ocrx_word' id='word_1_3' title='bbox 1523 472 1647 554; x_wconf 81' lang='lat'><strong>26,</strong></span> <span class='ocrx_word' id='word_1_4' title='bbox 1698 474 1802 538; x_wconf 84' lang='grc'><strong>65.</strong></span> <span class='ocrx_word' id='word_1_5' title='bbox 2346 472 2478 543; x_wconf 74' lang='lat'><strong>575</strong></span> 
     </span>
    </p>
   </div>
   <div class='ocr_carea' id='block_1_2' title="bbox 514 672 2495 4240">
    <p class='ocr_par' dir='ltr' id='par_1_2' title="bbox 518 672 2485 856">
     <span class='ocr_line' id='line_1_2' title="bbox 523 672 2485 753; baseline 0.004 -21"><span class='ocrx_word' id='word_1_6' title='bbox 523 673 726 752; x_wconf 74' lang='lat' dir='ltr'><strong>legum</strong></span> <span class='ocrx_word' id='word_1_7' title='bbox 779 674 1089 751; x_wconf 77' lang='lat' dir='ltr'><strong>referunt,</strong></span> <span class='ocrx_word' id='word_1_8' title='bbox 1146 693 1261 735; x_wconf 87' lang='lat' dir='ltr'><strong>nec</strong></span> <span class='ocrx_word' id='word_1_9' title='bbox 1312 673 1614 734; x_wconf 81' lang='lat' dir='ltr'><strong>debebant</strong></span> <span class='ocrx_word' id='word_1_10' title='bbox 1664 673 1785 734; x_wconf 82' lang='lat' dir='ltr'><strong>alio</strong></span> <span class='ocrx_word' id='word_1_11' title='bbox 1818 673 1999 734; x_wconf 89' lang='lat' dir='ltr'><strong>modo</strong></span> <span class='ocrx_word' id='word_1_12' title='bbox 2032 672 2329 753; x_wconf 88' lang='lat' dir='ltr'><strong>describi,</strong></span> <span class='ocrx_word' id='word_1_13' title='bbox 2367 697 2485 739; x_wconf 86' lang='lat' dir='ltr'><strong>nec</strong></span> 
     </span>
     <span class='ocr_line' id='line_1_3' title="bbox 518 775 1715 856; baseline 0.001 -20"><span class='ocrx_word' id='word_1_14' title='bbox 518 775 702 856; x_wconf 80' lang='lat' dir='ltr'><strong>plena</strong></span> <span class='ocrx_word' id='word_1_15' title='bbox 736 775 1045 837; x_wconf 84' lang='lat' dir='ltr'><strong>distinctio</strong></span> <span class='ocrx_word' id='word_1_16' title='bbox 1079 777 1223 856; x_wconf 87' lang='lat' dir='ltr'><strong>poni</strong></span> <span class='ocrx_word' id='word_1_17' title='bbox 1263 785 1395 856; x_wconf 87' lang='lat' dir='ltr'><strong>post</strong></span> <span class='ocrx_word' id='word_1_18' title='bbox 1426 777 1643 837; x_wconf 73' lang='lat' dir='ltr'><strong>triduo.</strong></span> <span class='ocrx_word' id='word_1_19' title='bbox 1710 792 1715 797; x_wconf 84' lang='grc'><em>·</em></span> 
     </span>
    </p>

    <p class='ocr_par' dir='ltr' id='par_1_3' title="bbox 518 879 2490 1557">
     <span class='ocr_line' id='line_1_4' title="bbox 603 879 2484 961; baseline 0.002 -21"><span class='ocrx_word' id='word_1_20' title='bbox 603 901 752 960; x_wconf 75' lang='lat' dir='ltr'><strong>quas</strong></span> <span class='ocrx_word' id='word_1_21' title='bbox 787 882 855 940; x_wconf 79' lang='lat' dir='ltr'><strong>in</strong></span> <span class='ocrx_word' id='word_1_22' title='bbox 893 881 1192 941; x_wconf 78' lang='lat' dir='ltr'><strong><em>Ceramico</em></strong></span> <span class='ocrx_word' id='word_1_23' title='bbox 1222 879 1511 958; x_wconf 73' lang='lat' dir='ltr'><strong>videmus)</strong></span> <span class='ocrx_word' id='word_1_24' title='bbox 1589 879 1775 940; x_wconf 84' lang='lat' dir='ltr'><strong>Recte</strong></span> <span class='ocrx_word' id='word_1_25' title='bbox 1801 880 2035 940; x_wconf 76' lang='lat' dir='ltr'><strong>Ernesti</strong></span> <span class='ocrx_word' id='word_1_26' title='bbox 2055 882 2484 961; x_wconf 75' lang='lat' dir='ltr'>suspicionem,</span> 
     </span>
     <span class='ocr_line' id='line_1_5' title="bbox 519 983 2488 1062; baseline 0.003 -20"><span class='ocrx_word' id='word_1_27' title='bbox 519 984 783 1043; x_wconf 74' lang='lat' dir='ltr'><strong>vidimus</strong></span> <span class='ocrx_word' id='word_1_28' title='bbox 797 1029 815 1058; x_wconf 92' lang='lat'><strong>,</strong></span> <span class='ocrx_word' id='word_1_29' title='bbox 851 984 1149 1062; x_wconf 81' lang='lat' dir='ltr'><strong>improbat</strong></span> <span class='ocrx_word' id='word_1_30' title='bbox 1176 983 1571 1057; x_wconf 85' lang='lat' dir='ltr'><strong>Goerenzius,</strong></span> <span class='ocrx_word' id='word_1_31' title='bbox 1601 983 1777 1042; x_wconf 86' lang='lat' dir='ltr'><strong>cuius</strong></span> <span class='ocrx_word' id='word_1_32' title='bbox 1803 991 2003 1043; x_wconf 79' lang='lat' dir='ltr'><strong>tamen</strong></span> <span class='ocrx_word' id='word_1_33' title='bbox 2028 983 2488 1048; x_wconf 75' lang='lat' dir='ltr'><strong>inconstantiam</strong></span> 
     </span>
     <span class='ocr_line' id='line_1_6' title="bbox 519 1084 2486 1162; baseline 0.003 -18"><span class='ocrx_word' id='word_1_34' title='bbox 519 1086 588 1144; x_wconf 89' lang='lat' dir='ltr'><strong>in</strong></span> <span class='ocrx_word' id='word_1_35' title='bbox 620 1085 755 1145; x_wconf 79' lang='lat' dir='ltr'><strong>aliis</strong></span> <span class='ocrx_word' id='word_1_36' title='bbox 787 1085 933 1146; x_wconf 88' lang='lat' dir='ltr'><strong>locis</strong></span> <span class='ocrx_word' id='word_1_37' title='bbox 963 1087 1191 1147; x_wconf 79' lang='lat' dir='ltr'><strong>notavit</strong></span> <span class='ocrx_word' id='word_1_38' title='bbox 1223 1086 1468 1146; x_wconf 88' lang='lat' dir='ltr'><strong>Beierus</strong></span> <span class='ocrx_word' id='word_1_39' title='bbox 1495 1085 1571 1145; x_wconf 79' lang='lat' dir='ltr'><strong>ad</strong></span> <span class='ocrx_word' id='word_1_40' title='bbox 1605 1084 1768 1146; x_wconf 89' lang='lat' dir='ltr'><strong>Offic.</strong></span> <span class='ocrx_word' id='word_1_41' title='bbox 1796 1086 1859 1162; x_wconf 88' lang='lat'><strong>1,</strong></span> <span class='ocrx_word' id='word_1_42' title='bbox 1894 1086 1964 1160; x_wconf 85' lang='lat'><strong>6,</strong></span> <span class='ocrx_word' id='word_1_43' title='bbox 2006 1086 2100 1147; x_wconf 82' lang='lat'><strong>19.</strong></span> <span class='ocrx_word' id='word_1_44' title='bbox 2181 1087 2297 1148; x_wconf 84' lang='lat' dir='ltr'><strong>Res</strong></span> <span class='ocrx_word' id='word_1_45' title='bbox 2320 1108 2486 1149; x_wconf 89' lang='lat' dir='ltr'><strong>nunc</strong></span> 
     </span>
     <span class='ocr_line' id='line_1_7' title="bbox 520 1188 2486 1268; baseline 0.002 -21"><span class='ocrx_word' id='word_1_46' title='bbox 520 1189 658 1247; x_wconf 81' lang='lat' dir='ltr'><strong>satis</strong></span> <span class='ocrx_word' id='word_1_47' title='bbox 704 1195 879 1249; x_wconf 78' lang='lat' dir='ltr'><strong>nota:</strong></span> <span class='ocrx_word' id='word_1_48' title='bbox 937 1188 1043 1249; x_wconf 87' lang='lat' dir='ltr'><strong>sed</strong></span> <span class='ocrx_word' id='word_1_49' title='bbox 1093 1188 1222 1249; x_wconf 84' lang='lat' dir='ltr'><strong>Fin.</strong></span> <span class='ocrx_word' id='word_1_50' title='bbox 1281 1189 1407 1265; x_wconf 91' lang='lat'><strong>111,</strong></span> <span class='ocrx_word' id='word_1_51' title='bbox 1465 1191 1543 1264; x_wconf 91' lang='lat'><strong>5,</strong></span> <span class='ocrx_word' id='word_1_52' title='bbox 1607 1189 1711 1265; x_wconf 92' lang='lat'><strong>17,</strong></span> <span class='ocrx_word' id='word_1_53' title='bbox 1753 1189 2037 1268; x_wconf 79' lang='lat' dir='ltr'><strong>equidem</strong></span> <span class='ocrx_word' id='word_1_54' title='bbox 2080 1190 2290 1251; x_wconf 78' lang='lat' dir='ltr'><strong>malim</strong></span> <span class='ocrx_word' id='word_1_55' title='bbox 2342 1210 2486 1251; x_wconf 90' lang='lat' dir='ltr'><strong>cum</strong></span> 
     </span>
     <span class='ocr_line' id='line_1_8' title="bbox 518 1290 2486 1371; baseline 0.001 -21"><span class='ocrx_word' id='word_1_56' title='bbox 518 1290 766 1352; x_wconf 85' lang='lat' dir='ltr'><strong>Ernesto</strong></span> <span class='ocrx_word' id='word_1_57' title='bbox 817 1292 1083 1351; x_wconf 64' lang='lat' dir='ltr'><strong>videmus</strong></span> <span class='ocrx_word' id='word_1_58' title='bbox 1123 1311 1453 1371; x_wconf 84' lang='lat' dir='ltr'><strong>reponere,</strong></span> <span class='ocrx_word' id='word_1_59' title='bbox 1493 1310 1682 1370; x_wconf 77' lang='lat' dir='ltr'><strong>quam</strong></span> <span class='ocrx_word' id='word_1_60' title='bbox 1700 1337 1719 1368; x_wconf 89' lang='lat'><strong>,</strong></span> <span class='ocrx_word' id='word_1_61' title='bbox 1759 1300 1830 1351; x_wconf 88' lang='lat' dir='ltr'><strong>ut</strong></span> <span class='ocrx_word' id='word_1_62' title='bbox 1862 1291 2194 1371; x_wconf 71' lang='lat' dir='ltr'><strong>Madvigius</strong></span> <span class='ocrx_word' id='word_1_63' title='bbox 2235 1292 2486 1367; x_wconf 82' lang='lat' dir='ltr'><strong>suadet,</strong></span> 
     </span>
     <span class='ocr_line' id='line_1_9' title="bbox 518 1394 2490 1474; baseline 0.003 -21"><span class='ocrx_word' id='word_1_64' title='bbox 518 1394 823 1453; x_wconf 74' lang='lat' dir='ltr'><strong>videamus</strong></span> <span class='ocrx_word' id='word_1_65' title='bbox 887 1414 1126 1455; x_wconf 77' lang='lat' dir='ltr'><strong>servare</strong></span> <span class='ocrx_word' id='word_1_66' title='bbox 1194 1402 1438 1474; x_wconf 81' lang='lat' dir='ltr'><strong>propter</strong></span> <span class='ocrx_word' id='word_1_67' title='bbox 1493 1394 1764 1474; x_wconf 78' lang='lat' dir='ltr'>aliquam</span> <span class='ocrx_word' id='word_1_68' title='bbox 1820 1394 2119 1454; x_wconf 73' lang='lat' dir='ltr'><strong>causalem</strong></span> <span class='ocrx_word' id='word_1_69' title='bbox 2186 1395 2490 1474; x_wconf 75' lang='lat' dir='ltr'><strong>significa-</strong></span> 
     </span>
     <span class='ocr_line' id='line_1_10' title="bbox 518 1495 768 1557; baseline 0.012 -4"><span class='ocrx_word' id='word_1_70' title='bbox 518 1495 768 1557; x_wconf 85' lang='lat' dir='ltr'><strong>tionem.</strong></span> 
     </span>
    </p>

    <p class='ocr_par' dir='ltr' id='par_1_4' title="bbox 514 1595 2493 2275">
     <span class='ocr_line' id='line_1_11' title="bbox 603 1595 2490 1679; baseline 0.002 -23"><span class='ocrx_word' id='word_1_71' title='bbox 603 1595 647 1677; x_wconf 84' lang='lat'>§</span> <span class='ocrx_word' id='word_1_72' title='bbox 687 1596 787 1657; x_wconf 84' lang='lat'><strong>65.</strong></span> <span class='ocrx_word' id='word_1_73' title='bbox 870 1616 1037 1676; x_wconf 78' lang='lat' dir='ltr'><strong>opere</strong></span> <span class='ocrx_word' id='word_1_74' title='bbox 1071 1596 1347 1677; x_wconf 57' lang='lat' dir='ltr'><strong>unedo)</strong></span> <span class='ocrx_word' id='word_1_75' title='bbox 1424 1595 1500 1655; x_wconf 91' lang='lat' dir='ltr'><strong>In</strong></span> <span class='ocrx_word' id='word_1_76' title='bbox 1532 1596 1652 1657; x_wconf 90' lang='lat' dir='ltr'><strong>hoc</strong></span> <span class='ocrx_word' id='word_1_77' title='bbox 1685 1597 1810 1656; x_wconf 88' lang='lat' dir='ltr'><strong>mei</strong></span> <span class='ocrx_word' id='word_1_78' title='bbox 1839 1595 1986 1656; x_wconf 86' lang='lat' dir='ltr'>libri</span> <span class='ocrx_word' id='word_1_79' title='bbox 2019 1615 2229 1658; x_wconf 88' lang='lat' dir='ltr'><strong>omnes</strong></span> <span class='ocrx_word' id='word_1_80' title='bbox 2258 1600 2490 1679; x_wconf 87' lang='lat' dir='ltr'><strong>conspi-</strong></span> 
     </span>
     <span class='ocr_line' id='line_1_12' title="bbox 519 1697 2493 1780; baseline 0.002 -21"><span class='ocrx_word' id='word_1_81' title='bbox 519 1706 695 1775; x_wconf 76' lang='lat' dir='ltr'><strong>rant,</strong></span> <span class='ocrx_word' id='word_1_82' title='bbox 752 1697 833 1760; x_wconf 91' lang='lat' dir='ltr'><strong>de</strong></span> <span class='ocrx_word' id='word_1_83' title='bbox 884 1698 1019 1758; x_wconf 79' lang='lat' dir='ltr'><strong>aliis</strong></span> <span class='ocrx_word' id='word_1_84' title='bbox 1066 1718 1188 1759; x_wconf 90' lang='lat' dir='ltr'><strong>non</strong></span> <span class='ocrx_word' id='word_1_85' title='bbox 1237 1698 1459 1759; x_wconf 84' lang='lat' dir='ltr'><strong>diserte</strong></span> <span class='ocrx_word' id='word_1_86' title='bbox 1505 1697 1837 1759; x_wconf 75' lang='lat' dir='ltr'><strong>affirmatur</strong></span> <span class='ocrx_word' id='word_1_87' title='bbox 1867 1718 2236 1780; x_wconf 76' lang='lat' dir='ltr'><strong>quemqnam</strong></span> <span class='ocrx_word' id='word_1_88' title='bbox 2265 1702 2493 1763; x_wconf 84' lang='lat' dir='ltr'><strong>habere</strong></span> 
     </span>
     <span class='ocr_line' id='line_1_13' title="bbox 521 1800 2491 1881; baseline 0.002 -20"><span class='ocrx_word' id='word_1_89' title='bbox 521 1803 800 1877; x_wconf 70' lang='lat' dir='ltr'><strong>tectorio,</strong></span> <span class='ocrx_word' id='word_1_90' title='bbox 855 1821 1015 1881; x_wconf 78' lang='lat' dir='ltr'><strong>quse</strong></span> <span class='ocrx_word' id='word_1_91' title='bbox 1062 1809 1262 1860; x_wconf 80' lang='lat' dir='ltr'><strong>tamen</strong></span> <span class='ocrx_word' id='word_1_92' title='bbox 1322 1800 1656 1861; x_wconf 77' lang='lat' dir='ltr'><strong>necessaria</strong></span> <span class='ocrx_word' id='word_1_93' title='bbox 1705 1802 2001 1861; x_wconf 83' lang='lat' dir='ltr'><strong>correctio</strong></span> <span class='ocrx_word' id='word_1_94' title='bbox 2056 1811 2164 1863; x_wconf 84' lang='lat' dir='ltr'><strong>est.</strong></span> <span class='ocrx_word' id='word_1_95' title='bbox 2199 1835 2281 1850; x_wconf 90' lang='lat'><strong>—</strong></span> <span class='ocrx_word' id='word_1_96' title='bbox 2327 1804 2491 1881; x_wconf 82' lang='lat' dir='ltr'><strong>Mox,</strong></span> 
     </span>
     <span class='ocr_line' id='line_1_14' title="bbox 517 1903 2488 1984; baseline 0.003 -22"><span class='ocrx_word' id='word_1_97' title='bbox 517 1905 647 1963; x_wconf 72' lang='lat' dir='ltr'><strong>nisi</strong></span> <span class='ocrx_word' id='word_1_98' title='bbox 699 1906 809 1984; x_wconf 77' lang='lat' dir='ltr'><strong>qai</strong></span> <span class='ocrx_word' id='word_1_99' title='bbox 830 1904 1073 1984; x_wconf 69' lang='lat' dir='ltr'><strong>publice</strong></span> <span class='ocrx_word' id='word_1_100' title='bbox 1107 1903 1274 1965; x_wconf 87' lang='lat' dir='ltr'><strong>edidi</strong></span> <span class='ocrx_word' id='word_1_101' title='bbox 1314 1903 1636 1984; x_wconf 86' lang='lat' dir='ltr'><strong>plerosque</strong></span> <span class='ocrx_word' id='word_1_102' title='bbox 1670 1904 1855 1965; x_wconf 85' lang='lat' dir='ltr'><strong>libros</strong></span> <span class='ocrx_word' id='word_1_103' title='bbox 1886 1913 2163 1981; x_wconf 89' lang='lat' dir='ltr'><strong>secutus,</strong></span> <span class='ocrx_word' id='word_1_104' title='bbox 2201 1908 2488 1984; x_wconf 75' lang='lat' dir='ltr'><strong>quoniam</strong></span> 
     </span>
     <span class='ocr_line' id='line_1_15' title="bbox 518 2005 2491 2086; baseline 0.003 -21"><span class='ocrx_word' id='word_1_105' title='bbox 518 2005 709 2067; x_wconf 77' lang='lat' dir='ltr'><strong>altera</strong></span> <span class='ocrx_word' id='word_1_106' title='bbox 759 2006 979 2082; x_wconf 87' lang='lat' dir='ltr'><strong>lectio,</strong></span> <span class='ocrx_word' id='word_1_107' title='bbox 1036 2008 1167 2065; x_wconf 73' lang='lat' dir='ltr'><strong>nisi</strong></span> <span class='ocrx_word' id='word_1_108' title='bbox 1213 2009 1274 2065; x_wconf 79' lang='lat' dir='ltr'><strong>si</strong></span> <span class='ocrx_word' id='word_1_109' title='bbox 1321 2008 1429 2086; x_wconf 77' lang='lat' dir='ltr'><strong>qui</strong></span> <span class='ocrx_word' id='word_1_110' title='bbox 1459 2038 1544 2054; x_wconf 90' lang='lat'><strong>-—</strong></span> <span class='ocrx_word' id='word_1_111' title='bbox 1563 2052 1583 2082; x_wconf 88' lang='lat'><strong>,</strong></span> <span class='ocrx_word' id='word_1_112' title='bbox 1630 2005 1695 2064; x_wconf 92' lang='lat' dir='ltr'><strong>id</strong></span> <span class='ocrx_word' id='word_1_113' title='bbox 1746 2006 1913 2084; x_wconf 90' lang='lat' dir='ltr'><strong>quod</strong></span> <span class='ocrx_word' id='word_1_114' title='bbox 1947 2008 2310 2068; x_wconf 70' lang='lat' dir='ltr'><strong>necessitatis</strong></span> <span class='ocrx_word' id='word_1_115' title='bbox 2359 2017 2491 2071; x_wconf 82' lang='lat' dir='ltr'><strong>erat</strong></span> 
     </span>
     <span class='ocr_line' id='line_1_16' title="bbox 514 2106 2491 2192; baseline 0.001 -22"><span class='ocrx_word' id='word_1_116' title='bbox 514 2108 841 2192; x_wconf 77' lang='lat' dir='ltr'><strong>(oratorem</strong></span> <span class='ocrx_word' id='word_1_117' title='bbox 903 2109 1221 2189; x_wconf 85' lang='lat' dir='ltr'><strong>publicum</strong></span> <span class='ocrx_word' id='word_1_118' title='bbox 1289 2106 1633 2189; x_wconf 72' lang='lat' dir='ltr'><strong>designare)</strong></span> <span class='ocrx_word' id='word_1_119' title='bbox 1686 2109 1984 2170; x_wconf 80' lang='lat' dir='ltr'><strong>voluntati</strong></span> <span class='ocrx_word' id='word_1_120' title='bbox 2048 2118 2158 2171; x_wconf 79' lang='lat' dir='ltr'><strong>aut</strong></span> <span class='ocrx_word' id='word_1_121' title='bbox 2210 2109 2491 2175; x_wconf 75' lang='lat' dir='ltr'><strong>fortunae</strong></span> 
     </span>
     <span class='ocr_line' id='line_1_17' title="bbox 516 2213 750 2275; baseline -0.004 -2"><span class='ocrx_word' id='word_1_122' title='bbox 516 2213 750 2275; x_wconf 83' lang='lat' dir='ltr'><strong>tribuit.</strong></span> 
     </span>
    </p>

    <p class='ocr_par' dir='ltr' id='par_1_5' title="bbox 520 2312 2495 3110">
     <span class='ocr_line' id='line_1_18' title="bbox 599 2312 2490 2395; baseline 0.001 -21"><span class='ocrx_word' id='word_1_123' title='bbox 599 2315 831 2374; x_wconf 76' lang='lat' dir='ltr'><strong>sublata</strong></span> <span class='ocrx_word' id='word_1_124' title='bbox 875 2344 957 2358; x_wconf 90' lang='lat'><strong>—</strong></span> <span class='ocrx_word' id='word_1_125' title='bbox 1002 2314 1307 2373; x_wconf 68' lang='lat' dir='ltr'><strong>celebritas</strong></span> <span class='ocrx_word' id='word_1_126' title='bbox 1346 2315 1610 2377; x_wconf 73' lang='lat' dir='ltr'><strong>virorum</strong></span> <span class='ocrx_word' id='word_1_127' title='bbox 1643 2334 1717 2373; x_wconf 86' lang='lat' dir='ltr'><strong>ae</strong></span> <span class='ocrx_word' id='word_1_128' title='bbox 1758 2312 2096 2395; x_wconf 70' lang='lat' dir='ltr'><strong>mulierum)</strong></span> <span class='ocrx_word' id='word_1_129' title='bbox 2175 2314 2490 2376; x_wconf 72' lang='lat' dir='ltr'><strong>Pei-tinent</strong></span> 
     </span>
     <span class='ocr_line' id='line_1_19' title="bbox 520 2413 2489 2493; baseline 0.002 -18"><span class='ocrx_word' id='word_1_130' title='bbox 520 2415 674 2475; x_wconf 78' lang='lat' dir='ltr'><strong>haec</strong></span> <span class='ocrx_word' id='word_1_131' title='bbox 722 2414 800 2475; x_wconf 79' lang='lat' dir='ltr'><strong>ed</strong></span> <span class='ocrx_word' id='word_1_132' title='bbox 843 2413 1099 2492; x_wconf 77' lang='lat' dir='ltr'><strong>privatas</strong></span> <span class='ocrx_word' id='word_1_133' title='bbox 1133 2415 1473 2493; x_wconf 78' lang='lat' dir='ltr'><strong>sepulturas</strong></span> <span class='ocrx_word' id='word_1_134' title='bbox 1489 2459 1507 2489; x_wconf 92' lang='lat'><strong>,</strong></span> <span class='ocrx_word' id='word_1_135' title='bbox 1549 2413 1629 2472; x_wconf 88' lang='lat' dir='ltr'><strong>de</strong></span> <span class='ocrx_word' id='word_1_136' title='bbox 1660 2413 1885 2492; x_wconf 85' lang='lat' dir='ltr'><strong>quibus</strong></span> <span class='ocrx_word' id='word_1_137' title='bbox 1915 2415 2214 2475; x_wconf 77' lang='lat' dir='ltr'><strong>nonnulla</strong></span> <span class='ocrx_word' id='word_1_138' title='bbox 2246 2426 2489 2479; x_wconf 78' lang='lat' dir='ltr'><strong>annota-</strong></span> 
     </span>
     <span class='ocr_line' id='line_1_20' title="bbox 522 2514 2493 2599; baseline -0.001 -20"><span class='ocrx_word' id='word_1_139' title='bbox 522 2519 670 2579; x_wconf 78' lang='lat' dir='ltr'><strong>tavit</strong></span> <span class='ocrx_word' id='word_1_140' title='bbox 701 2516 1029 2578; x_wconf 81' lang='lat' dir='ltr'><strong>Ruhnken.</strong></span> <span class='ocrx_word' id='word_1_141' title='bbox 1056 2515 1132 2576; x_wconf 78' lang='lat' dir='ltr'><strong>ad</strong></span> <span class='ocrx_word' id='word_1_142' title='bbox 1161 2516 1398 2577; x_wconf 82' lang='lat' dir='ltr'><strong>Terent.</strong></span> <span class='ocrx_word' id='word_1_143' title='bbox 1427 2514 1620 2576; x_wconf 78' lang='lat' dir='ltr'><strong>Andr.</strong></span> <span class='ocrx_word' id='word_1_144' title='bbox 1652 2514 1683 2575; x_wconf 90' lang='lat'><em>1</em></span> <span class='ocrx_word' id='word_1_145' title='bbox 1703 2560 1722 2590; x_wconf 90' lang='lat'><strong>,</strong></span> <span class='ocrx_word' id='word_1_146' title='bbox 1752 2514 1818 2590; x_wconf 88' lang='grc'><strong>1,</strong></span> <span class='ocrx_word' id='word_1_147' title='bbox 1850 2514 1951 2577; x_wconf 86' lang='grc'><strong>90.</strong></span> <span class='ocrx_word' id='word_1_148' title='bbox 1980 2515 2253 2577; x_wconf 77' lang='lat' dir='ltr'><strong>Bromius</strong></span> <span class='ocrx_word' id='word_1_149' title='bbox 2281 2519 2359 2578; x_wconf 79' lang='lat' dir='ltr'><strong>ad</strong></span> <span class='ocrx_word' id='word_1_150' title='bbox 2383 2520 2493 2599; x_wconf 71' lang='lat' dir='ltr'><strong>Ly-</strong></span> 
     </span>
     <span class='ocr_line' id='line_1_21' title="bbox 520 2618 2495 2701; baseline -0.001 -19"><span class='ocrx_word' id='word_1_151' title='bbox 520 2622 671 2684; x_wconf 73' lang='lat' dir='ltr'><strong>siam</strong></span> <span class='ocrx_word' id='word_1_152' title='bbox 686 2619 864 2681; x_wconf 80' lang='lat' dir='ltr'><strong>Csed.</strong></span> <span class='ocrx_word' id='word_1_153' title='bbox 892 2620 1182 2681; x_wconf 80' lang='lat' dir='ltr'><strong>Etstosth.</strong></span> <span class='ocrx_word' id='word_1_154' title='bbox 1211 2620 1255 2701; x_wconf 65' lang='grc' dir='ltr'><em>ς</em></span> <span class='ocrx_word' id='word_1_155' title='bbox 1271 2619 1332 2680; x_wconf 90' lang='grc'><strong>7.</strong></span> <span class='ocrx_word' id='word_1_156' title='bbox 1411 2619 1641 2678; x_wconf 79' lang='lat' dir='ltr'><strong>Horum</strong></span> <span class='ocrx_word' id='word_1_157' title='bbox 1669 2618 1943 2677; x_wconf 87' lang='lat' dir='ltr'><strong>omnium</strong></span> <span class='ocrx_word' id='word_1_158' title='bbox 1965 2619 2292 2698; x_wconf 82' lang='lat' dir='ltr'><strong>praecipua</strong></span> <span class='ocrx_word' id='word_1_159' title='bbox 2320 2630 2495 2681; x_wconf 78' lang='lat' dir='ltr'><strong>erant</strong></span> 
     </span>
     <span class='ocr_line' id='line_1_22' title="bbox 522 2721 2490 2802; baseline 0.002 -19"><span class='ocrx_word' id='word_1_160' title='bbox 522 2724 590 2784; x_wconf 89' lang='lat' dir='ltr'><strong>in</strong></span> <span class='ocrx_word' id='word_1_161' title='bbox 626 2723 857 2785; x_wconf 89' lang='lat' dir='ltr'><strong>Solonis</strong></span> <span class='ocrx_word' id='word_1_162' title='bbox 889 2722 1157 2802; x_wconf 73' lang='lat' dir='ltr'><strong>legibus,</strong></span> <span class='ocrx_word' id='word_1_163' title='bbox 1197 2723 1303 2802; x_wconf 89' lang='lat' dir='ltr'><strong>qui</strong></span> <span class='ocrx_word' id='word_1_164' title='bbox 1343 2730 1586 2783; x_wconf 84' lang='lat' dir='ltr'><strong>secutus</strong></span> <span class='ocrx_word' id='word_1_165' title='bbox 1617 2728 1746 2781; x_wconf 81' lang='lat' dir='ltr'><strong>erat</strong></span> <span class='ocrx_word' id='word_1_166' title='bbox 1781 2721 2152 2800; x_wconf 84' lang='lat' dir='ltr'><strong>Epimenidis</strong></span> <span class='ocrx_word' id='word_1_167' title='bbox 2184 2723 2490 2802; x_wconf 77' lang='lat' dir='ltr'><strong>instituta,</strong></span> 
     </span>
     <span class='ocr_line' id='line_1_23' title="bbox 522 2823 2492 2907; baseline 0 -20"><span class='ocrx_word' id='word_1_168' title='bbox 522 2824 706 2907; x_wconf 76' lang='lat' dir='ltr'><strong>(conf.</strong></span> <span class='ocrx_word' id='word_1_169' title='bbox 747 2825 1053 2886; x_wconf 80' lang='lat' dir='ltr'><strong>Plutarch.</strong></span> <span class='ocrx_word' id='word_1_170' title='bbox 1092 2826 1290 2886; x_wconf 86' lang='lat' dir='ltr'><strong>Solon.</strong></span> <span class='ocrx_word' id='word_1_171' title='bbox 1325 2845 1387 2904; x_wconf 89' lang='lat' dir='ltr'><strong>p.</strong></span> <span class='ocrx_word' id='word_1_172' title='bbox 1428 2824 1527 2885; x_wconf 79' lang='lat'><strong>84.</strong></span> <span class='ocrx_word' id='word_1_173' title='bbox 1565 2823 1638 2902; x_wconf 87' lang='lat' dir='ltr'><strong>E)</strong></span> <span class='ocrx_word' id='word_1_174' title='bbox 1672 2823 2008 2902; x_wconf 86' lang='lat' dir='ltr'><strong>eodemque</strong></span> <span class='ocrx_word' id='word_1_175' title='bbox 2044 2832 2176 2884; x_wconf 89' lang='lat' dir='ltr'><strong>tum</strong></span> <span class='ocrx_word' id='word_1_176' title='bbox 2211 2825 2367 2885; x_wconf 79' lang='lat' dir='ltr'><strong>aliae</strong></span> <span class='ocrx_word' id='word_1_177' title='bbox 2398 2845 2492 2887; x_wconf 87' lang='lat' dir='ltr'><strong>re·</strong></span> 
     </span>
     <span class='ocr_line' id='line_1_24' title="bbox 521 2925 2490 3006; baseline 0.001 -17"><span class='ocrx_word' id='word_1_178' title='bbox 521 2928 810 2989; x_wconf 75' lang='lat' dir='ltr'><strong>ferendae</strong></span> <span class='ocrx_word' id='word_1_179' title='bbox 859 2929 1201 2989; x_wconf 83' lang='lat' dir='ltr'><strong>Atticorum</strong></span> <span class='ocrx_word' id='word_1_180' title='bbox 1251 2926 1452 3006; x_wconf 70' lang='lat' dir='ltr'><strong>leges,</strong></span> <span class='ocrx_word' id='word_1_181' title='bbox 1507 2934 1638 2986; x_wconf 86' lang='lat' dir='ltr'><strong>tum</strong></span> <span class='ocrx_word' id='word_1_182' title='bbox 1686 2925 1795 2986; x_wconf 78' lang='lat' dir='ltr'><strong>illa</strong></span> <span class='ocrx_word' id='word_1_183' title='bbox 1830 2926 1995 3006; x_wconf 80' lang='lat' dir='ltr'><strong>apud</strong></span> <span class='ocrx_word' id='word_1_184' title='bbox 2026 2926 2490 2990; x_wconf 83' lang='lat' dir='ltr'><strong>Demosthenem</strong></span> 
     </span>
     <span class='ocr_line' id='line_1_25' title="bbox 520 3029 1263 3110; baseline 0 -19"><span class='ocrx_word' id='word_1_185' title='bbox 520 3030 676 3092; x_wconf 74' lang='grc' dir='ltr'><strong>Λᾶν.</strong></span> <span class='ocrx_word' id='word_1_186' title='bbox 714 3030 952 3091; x_wconf 71' lang='lat' dir='ltr'><strong>liscart.</strong></span> <span class='ocrx_word' id='word_1_187' title='bbox 989 3051 1050 3110; x_wconf 88' lang='lat' dir='ltr'><strong>p.</strong></span> <span class='ocrx_word' id='word_1_188' title='bbox 1090 3029 1263 3091; x_wconf 90' lang='grc'><strong>1071.</strong></span> 
     </span>
    </p>

    <p class='ocr_par' dir='ltr' id='par_1_6' title="bbox 517 3130 2493 4240">
     <span class='ocr_line' id='line_1_26' title="bbox 602 3130 2493 3215; baseline 0.002 -22"><span class='ocrx_word' id='word_1_189' title='bbox 602 3133 776 3194; x_wconf 73' lang='lat' dir='ltr'><strong>habet</strong></span> <span class='ocrx_word' id='word_1_190' title='bbox 811 3136 970 3193; x_wconf 71' lang='lat' dir='ltr'><strong>enim</strong></span> <span class='ocrx_word' id='word_1_191' title='bbox 1004 3135 1225 3194; x_wconf 66' lang='lat' dir='ltr'><strong>Iactum</strong></span> <span class='ocrx_word' id='word_1_192' title='bbox 1254 3152 1573 3193; x_wconf 69' lang='lat' dir='ltr'><strong>concursu</strong></span> <span class='ocrx_word' id='word_1_193' title='bbox 1599 3130 1929 3212; x_wconf 70' lang='lat' dir='ltr'><strong>hominum)</strong></span> <span class='ocrx_word' id='word_1_194' title='bbox 2006 3132 2231 3213; x_wconf 87' lang='lat' dir='ltr'><strong>Optimi</strong></span> <span class='ocrx_word' id='word_1_195' title='bbox 2258 3136 2493 3215; x_wconf 83' lang='lat' dir='ltr'><strong>quique</strong></span> 
     </span>
     <span class='ocr_line' id='line_1_27' title="bbox 517 3234 2491 3318; baseline 0 -21"><span class='ocrx_word' id='word_1_196' title='bbox 517 3256 631 3317; x_wconf 85' lang='lat' dir='ltr'><strong>pro</strong></span> <span class='ocrx_word' id='word_1_197' title='bbox 683 3237 894 3313; x_wconf 61' lang='lat' dir='ltr'><strong>habu,</strong></span> <span class='ocrx_word' id='word_1_198' title='bbox 950 3236 1209 3297; x_wconf 78' lang='lat' dir='ltr'><strong>afferunt</strong></span> <span class='ocrx_word' id='word_1_199' title='bbox 1258 3235 1372 3296; x_wconf 66' lang='lat' dir='ltr'><strong>luae</strong></span> <span class='ocrx_word' id='word_1_200' title='bbox 1400 3280 1419 3311; x_wconf 87' lang='lat'><strong>,</strong></span> <span class='ocrx_word' id='word_1_201' title='bbox 1479 3242 1589 3295; x_wconf 78' lang='lat' dir='ltr'><strong>ont</strong></span> <span class='ocrx_word' id='word_1_202' title='bbox 1640 3234 1836 3309; x_wconf 70' lang='lat' dir='ltr'><strong>laune,</strong></span> <span class='ocrx_word' id='word_1_203' title='bbox 1895 3241 2002 3295; x_wconf 83' lang='lat' dir='ltr'><strong>ant</strong></span> <span class='ocrx_word' id='word_1_204' title='bbox 2051 3234 2228 3297; x_wconf 71' lang='lat' dir='ltr'><strong>haic:</strong></span> <span class='ocrx_word' id='word_1_205' title='bbox 2288 3257 2491 3318; x_wconf 84' lang='lat' dir='ltr'><strong>neque</strong></span> 
     </span>
     <span class='ocr_line' id='line_1_28' title="bbox 520 3335 2493 3416; baseline 0.002 -18"><span class='ocrx_word' id='word_1_206' title='bbox 520 3347 725 3400; x_wconf 80' lang='lat' dir='ltr'><strong>temen</strong></span> <span class='ocrx_word' id='word_1_207' title='bbox 759 3339 932 3399; x_wconf 70' lang='lat' dir='ltr'><strong>habet</strong></span> <span class='ocrx_word' id='word_1_208' title='bbox 959 3337 1319 3399; x_wconf 77' lang='lat' dir='ltr'><strong>auctoritate</strong></span> <span class='ocrx_word' id='word_1_209' title='bbox 1351 3343 1545 3412; x_wconf 78' lang='lat' dir='ltr'><strong>caret,</strong></span> <span class='ocrx_word' id='word_1_210' title='bbox 1582 3335 1752 3416; x_wconf 84' lang='lat' dir='ltr'><strong>quod</strong></span> <span class='ocrx_word' id='word_1_211' title='bbox 1783 3355 1907 3397; x_wconf 92' lang='lat' dir='ltr'><strong>non</strong></span> <span class='ocrx_word' id='word_1_212' title='bbox 1939 3345 2106 3397; x_wconf 87' lang='lat' dir='ltr'><strong>recte</strong></span> <span class='ocrx_word' id='word_1_213' title='bbox 2135 3337 2289 3397; x_wconf 85' lang='lat' dir='ltr'><strong>mihi</strong></span> <span class='ocrx_word' id='word_1_214' title='bbox 2325 3341 2493 3402; x_wconf 79' lang='lat' dir='ltr'><strong>vide-</strong></span> 
     </span>
     <span class='ocr_line' id='line_1_29' title="bbox 520 3440 2493 3524; baseline 0.001 -21"><span class='ocrx_word' id='word_1_215' title='bbox 520 3452 624 3503; x_wconf 79' lang='lat' dir='ltr'><strong>tur</strong></span> <span class='ocrx_word' id='word_1_216' title='bbox 672 3445 1020 3524; x_wconf 79' lang='lat' dir='ltr'><strong>improbare</strong></span> <span class='ocrx_word' id='word_1_217' title='bbox 1070 3443 1347 3502; x_wconf 78' lang='lat' dir='ltr'><strong>Bloserus.</strong></span> <span class='ocrx_word' id='word_1_218' title='bbox 1446 3441 1680 3502; x_wconf 77' lang='lat' dir='ltr'><strong>Habere</strong></span> <span class='ocrx_word' id='word_1_219' title='bbox 1720 3440 1956 3520; x_wconf 71' lang='lat' dir='ltr'><strong>aliquid</strong></span> <span class='ocrx_word' id='word_1_220' title='bbox 1987 3440 2031 3500; x_wconf 90' lang='lat' dir='ltr'><strong>i.</strong></span> <span class='ocrx_word' id='word_1_221' title='bbox 2067 3461 2122 3502; x_wconf 89' lang='lat' dir='ltr'><strong>e.</strong></span> <span class='ocrx_word' id='word_1_222' title='bbox 2159 3443 2493 3504; x_wconf 72' lang='lat' dir='ltr'><strong>neceoeario</strong></span> 
     </span>
     <span class='ocr_line' id='line_1_30' title="bbox 523 3542 2491 3623; baseline 0.001 -19"><span class='ocrx_word' id='word_1_223' title='bbox 523 3546 915 3606; x_wconf 87' lang='lat' dir='ltr'><strong>coniunctum</strong></span> <span class='ocrx_word' id='word_1_224' title='bbox 949 3565 1075 3606; x_wconf 72' lang='lat' dir='ltr'><strong>eoee</strong></span> <span class='ocrx_word' id='word_1_225' title='bbox 1109 3564 1253 3606; x_wconf 89' lang='lat' dir='ltr'><strong>cum</strong></span> <span class='ocrx_word' id='word_1_226' title='bbox 1303 3543 1509 3623; x_wconf 80' lang='lat' dir='ltr'><strong>aliqua</strong></span> <span class='ocrx_word' id='word_1_227' title='bbox 1560 3562 1663 3603; x_wconf 86' lang='lat' dir='ltr'><strong>re:</strong></span> <span class='ocrx_word' id='word_1_228' title='bbox 1707 3550 1780 3603; x_wconf 90' lang='lat' dir='ltr'><strong>ut</strong></span> <span class='ocrx_word' id='word_1_229' title='bbox 1815 3542 1958 3603; x_wconf 76' lang='lat' dir='ltr'><strong>haee</strong></span> <span class='ocrx_word' id='word_1_230' title='bbox 1989 3544 2192 3604; x_wconf 73' lang='lat' dir='ltr'><strong>studia</strong></span> <span class='ocrx_word' id='word_1_231' title='bbox 2219 3547 2491 3606; x_wconf 71' lang='lat' dir='ltr'><strong>vacatio-</strong></span> 
     </span>
     <span class='ocr_line' id='line_1_31' title="bbox 523 3644 2490 3727; baseline 0.003 -23"><span class='ocrx_word' id='word_1_232' title='bbox 523 3664 659 3704; x_wconf 71' lang='lat' dir='ltr'><strong>nem</strong></span> <span class='ocrx_word' id='word_1_233' title='bbox 692 3647 904 3707; x_wconf 69' lang='lat' dir='ltr'><strong>habent</strong></span> <span class='ocrx_word' id='word_1_234' title='bbox 927 3649 1167 3727; x_wconf 68' lang='lat' dir='ltr'><strong>publici</strong></span> <span class='ocrx_word' id='word_1_235' title='bbox 1196 3649 1492 3723; x_wconf 70' lang='lat' dir='ltr'><strong>merie,</strong></span> <span class='ocrx_word' id='word_1_236' title='bbox 1534 3645 1614 3706; x_wconf 77' lang='lat' dir='ltr'><strong>ad</strong></span> <span class='ocrx_word' id='word_1_237' title='bbox 1648 3645 1779 3706; x_wconf 78' lang='lat' dir='ltr'><strong>niv.</strong></span> <span class='ocrx_word' id='word_1_238' title='bbox 1813 3644 1928 3720; x_wconf 79' lang='lat' dir='ltr'><strong>IX,</strong></span> <span class='ocrx_word' id='word_1_239' title='bbox 1959 3646 2036 3721; x_wconf 83' lang='lat'><strong>6,</strong></span> <span class='ocrx_word' id='word_1_240' title='bbox 2065 3646 2128 3707; x_wconf 77' lang='lat'><strong>5:</strong></span> <span class='ocrx_word' id='word_1_241' title='bbox 2172 3645 2344 3708; x_wconf 72' lang='lat' dir='ltr'><strong>habet</strong></span> <span class='ocrx_word' id='word_1_242' title='bbox 2385 3661 2490 3709; x_wconf 59' lang='lat' dir='ltr'><strong>affi-</strong></span> 
     </span>
     <span class='ocr_line' id='line_1_32' title="bbox 524 3747 2491 3829; baseline 0.003 -23"><span class='ocrx_word' id='word_1_243' title='bbox 524 3747 720 3807; x_wconf 66' lang='lat' dir='ltr'><strong>dorm</strong></span> <span class='ocrx_word' id='word_1_244' title='bbox 769 3749 988 3825; x_wconf 73' lang='lat' dir='ltr'><strong>libido,</strong></span> <span class='ocrx_word' id='word_1_245' title='bbox 1042 3749 1212 3811; x_wconf 83' lang='lat' dir='ltr'><strong>Tusc.</strong></span> <span class='ocrx_word' id='word_1_246' title='bbox 1266 3750 1395 3826; x_wconf 92' lang='lat'><strong>111,</strong></span> <span class='ocrx_word' id='word_1_247' title='bbox 1450 3748 1559 3825; x_wconf 93' lang='grc'><strong>13,</strong></span> <span class='ocrx_word' id='word_1_248' title='bbox 1620 3748 1737 3810; x_wconf 81' lang='lat'><strong>27:</strong></span> <span class='ocrx_word' id='word_1_249' title='bbox 1785 3748 1958 3808; x_wconf 70' lang='lat' dir='ltr'><strong>babet</strong></span> <span class='ocrx_word' id='word_1_250' title='bbox 2004 3749 2380 3829; x_wconf 72' lang='lat' dir='ltr'><strong>inflationem</strong></span> <span class='ocrx_word' id='word_1_251' title='bbox 2431 3753 2491 3813; x_wconf 75' lang='lat' dir='ltr'><strong>ie</strong></span> 
     </span>
     <span class='ocr_line' id='line_1_33' title="bbox 524 3847 2489 3931; baseline 0.002 -20"><span class='ocrx_word' id='word_1_252' title='bbox 524 3851 728 3927; x_wconf 65' lang='lat' dir='ltr'><strong>cibus,</strong></span> <span class='ocrx_word' id='word_1_253' title='bbox 767 3849 967 3911; x_wconf 80' lang='lat' dir='ltr'><strong>Divin.</strong></span> <span class='ocrx_word' id='word_1_254' title='bbox 993 3851 1022 3910; x_wconf 96' lang='lat' dir='ltr'><strong>l</strong></span> <span class='ocrx_word' id='word_1_255' title='bbox 1040 3895 1059 3925; x_wconf 88' lang='lat'>‚</span> <span class='ocrx_word' id='word_1_256' title='bbox 1099 3850 1212 3926; x_wconf 88' lang='grc'><strong>30,</strong></span> <span class='ocrx_word' id='word_1_257' title='bbox 1251 3851 1360 3912; x_wconf 77' lang='lat'><strong>62:</strong></span> <span class='ocrx_word' id='word_1_258' title='bbox 1402 3850 1563 3912; x_wconf 82' lang='lat' dir='ltr'><strong>conf.</strong></span> <span class='ocrx_word' id='word_1_259' title='bbox 1594 3850 1723 3912; x_wconf 86' lang='lat' dir='ltr'><strong>Fin.</strong></span> <span class='ocrx_word' id='word_1_260' title='bbox 1751 3850 1847 3928; x_wconf 91' lang='lat'><strong>11,</strong></span> <span class='ocrx_word' id='word_1_261' title='bbox 1887 3847 1960 3926; x_wconf 88' lang='grc'><strong>3,</strong></span> <span class='ocrx_word' id='word_1_262' title='bbox 1994 3848 2055 3911; x_wconf 87' lang='grc'><strong>9.</strong></span> <span class='ocrx_word' id='word_1_263' title='bbox 2087 3850 2191 3912; x_wconf 79' lang='lat' dir='ltr'><strong>fin.</strong></span> <span class='ocrx_word' id='word_1_264' title='bbox 2221 3859 2286 3911; x_wconf 87' lang='lat' dir='ltr'><strong>et</strong></span> <span class='ocrx_word' id='word_1_265' title='bbox 2305 3871 2489 3931; x_wconf 72' lang='lat' dir='ltr'><strong>supra</strong></span> 
     </span>
     <span class='ocr_line' id='line_1_34' title="bbox 527 3951 2487 4034; baseline 0.002 -23"><span class='ocrx_word' id='word_1_266' title='bbox 527 3951 669 4031; x_wconf 74' lang='lat' dir='ltr'><strong>Cap.</strong></span> <span class='ocrx_word' id='word_1_267' title='bbox 711 3952 819 4029; x_wconf 93' lang='grc'><strong>10,</strong></span> <span class='ocrx_word' id='word_1_268' title='bbox 860 3951 961 4013; x_wconf 86' lang='grc'><strong>25.</strong></span> <span class='ocrx_word' id='word_1_269' title='bbox 996 3952 1136 4013; x_wconf 82' lang='lat' dir='ltr'><strong>fin.:</strong></span> <span class='ocrx_word' id='word_1_270' title='bbox 1179 3952 1361 4031; x_wconf 76' lang='lat' dir='ltr'><strong>plane</strong></span> <span class='ocrx_word' id='word_1_271' title='bbox 1391 3954 1476 4013; x_wconf 88' lang='lat' dir='ltr'><strong>sic</strong></span> <span class='ocrx_word' id='word_1_272' title='bbox 1508 3953 1585 4014; x_wconf 79' lang='lat' dir='ltr'><strong>ad</strong></span> <span class='ocrx_word' id='word_1_273' title='bbox 1616 3953 1748 4013; x_wconf 77' lang='lat' dir='ltr'><strong>niv.</strong></span> <span class='ocrx_word' id='word_1_274' title='bbox 1779 3951 1857 4027; x_wconf 84' lang='lat' dir='ltr'><strong>V,</strong></span> <span class='ocrx_word' id='word_1_275' title='bbox 1906 3951 2016 4028; x_wconf 87' lang='lat'><strong>12,</strong></span> <span class='ocrx_word' id='word_1_276' title='bbox 2051 3954 2124 4027; x_wconf 86' lang='lat'><strong>5,</strong></span> <span class='ocrx_word' id='word_1_277' title='bbox 2164 3954 2289 4012; x_wconf 74' lang='lat' dir='ltr'><strong>vin·</strong></span> <span class='ocrx_word' id='word_1_278' title='bbox 2315 3974 2487 4034; x_wconf 76' lang='lat' dir='ltr'><strong>saepe</strong></span> 
     </span>
     <span class='ocr_line' id='line_1_35' title="bbox 521 4054 2484 4136; baseline 0.002 -22"><span class='ocrx_word' id='word_1_279' title='bbox 521 4054 860 4116; x_wconf 69' lang='lat' dir='ltr'><strong>excellentis</strong></span> <span class='ocrx_word' id='word_1_280' title='bbox 906 4056 1200 4133; x_wconf 70' lang='lat' dir='ltr'><strong>ancipites</strong></span> <span class='ocrx_word' id='word_1_281' title='bbox 1234 4057 1504 4136; x_wconf 61' lang='lat' dir='ltr'><strong>variique</strong></span> <span class='ocrx_word' id='word_1_282' title='bbox 1541 4078 1714 4117; x_wconf 74' lang='lat' dir='ltr'><strong>casus</strong></span> <span class='ocrx_word' id='word_1_283' title='bbox 1754 4055 1970 4116; x_wconf 68' lang='lat' dir='ltr'><strong>habent</strong></span> <span class='ocrx_word' id='word_1_284' title='bbox 2006 4054 2484 4133; x_wconf 70' lang='lat' dir='ltr'><strong>admirationem,</strong></span> 
     </span>
     <span class='ocr_line' id='line_1_36' title="bbox 518 4157 2343 4240; baseline 0.001 -23"><span class='ocrx_word' id='word_1_285' title='bbox 518 4160 1039 4240; x_wconf 66' lang='lat' dir='ltr'><strong>exspectationem,</strong></span> <span class='ocrx_word' id='word_1_286' title='bbox 1079 4157 1405 4235; x_wconf 69' lang='lat' dir='ltr'><strong>laetitiam,</strong></span> <span class='ocrx_word' id='word_1_287' title='bbox 1439 4160 1797 4237; x_wconf 68' lang='lat' dir='ltr'><strong>molestiam,</strong></span> <span class='ocrx_word' id='word_1_288' title='bbox 1830 4179 2024 4239; x_wconf 72' lang='lat' dir='ltr'><strong>spem,</strong></span> <span class='ocrx_word' id='word_1_289' title='bbox 2059 4159 2343 4220; x_wconf 73' lang='lat' dir='ltr'><strong>timorem.</strong></span> 
     </span>
    </p>
   </div>
  </div>
 </body>
</html>
