3131 5032
761 454 889 518 284
1486 450 1628 517 Lm.
1670 450 1739 532 1,
1790 455 1864 534 2,
1916 455 1977 517 6.

749 658 1137 718 constituerat
1182 659 1247 715 in
1297 676 1440 716 eum
1490 657 1599 735 qui
1633 664 1947 735 parentem
1981 663 2280 730 necasset,
2320 675 2396 714 ne
2428 674 2549 715 non
2581 668 2703 716 tam

736 760 1045 840 prohibere
1063 805 1082 835 ,
1123 781 1298 839 quam
1351 759 1657 818 admonere
1708 760 2032 834 videretur,
2091 760 2130 818 i.
2178 778 2232 819 e.
2277 757 2552 819 homines
2595 760 2705 819 tali

749 862 884 938 lege
911 862 1204 922 admoniti
1228 862 1506 938 fuissent,
1548 869 1785 921 tantum
1819 861 2010 921 scelus
2038 861 2288 939 cogitari
2318 881 2512 940 posse:
2542 864 2705 922 cons.

745 963 959 1043 fragm.
1011 985 1122 1043 pro
1168 964 1366 1024 Tullio
1410 963 1453 1045 §
1487 964 1546 1025 9.
1585 966 1794 1045 ibique
1838 964 2029 1024 Beier.
2112 965 2208 1023 Sic
2242 985 2353 1045 pro
2388 965 2548 1026 Coel.
2594 966 2704 1040 14,

746 1065 858 1142 34,
915 1066 1128 1146 fragm.
1185 1087 1294 1146 pro
1345 1067 1567 1127 Scauro
1613 1066 1656 1148 §
1698 1067 1762 1127 4:
1802 1069 2041 1147 primus
2085 1070 2245 1126 enim
2291 1065 2388 1149 (M.
2425 1065 2706 1147 Scaurus)

746 1191 836 1229 me
873 1175 1236 1252 flaqrantem
1285 1172 1482 1231 studio
1536 1171 1734 1231 laudis
1781 1172 2021 1251 impulit
2055 1178 2197 1247 cet„
2241 1172 2281 1231 i.
2321 1191 2375 1231 e.
2414 1171 2707 1251 impulsus

744 1293 878 1332 sum
914 1274 1192 1352 exemplo
1233 1273 1364 1333 eius
1407 1273 1737 1351 intuendo;
1782 1281 2154 1353 praesentem
2203 1274 2369 1334 enim
2403 1293 2517 1334 nec
2554 1272 2707 1333 vidit

743 1394 858 1435 nec
908 1374 1143 1435 audivit
1195 1376 1489 1436 Scaurum
1525 1376 1751 1435 Cicero.
1835 1374 1949 1435 Pro
1981 1375 2140 1434 Sext.
2179 1374 2258 1434 58
2277 1421 2295 1452 ,
2332 1373 2477 1434 123:
2519 1395 2706 1454 neque

734 1490 943 1558 poetae
997 1512 1079 1524 -
1125 1481 1371 1561 tempori
1417 1501 1542 1539 meo
1594 1481 1942 1561 defuerunt,
1994 1479 2103 1559 qui
2146 1499 2271 1539 non
2311 1479 2427 1558 ipsi
2461 1500 2568 1540 sua
2603 1500 2705 1540 ac-

741 1581 1279 1642 commodaverunt
1305 1582 1606 1643 Ciceronis
1637 1582 2036 1662 temporibus,
2077 1581 2183 1642 sed
2211 1601 2475 1660 quorum
2501 1601 2708 1641 versus

740 1685 825 1744 ita
878 1685 956 1744 ab
987 1685 1279 1746 histrione
1332 1686 1890 1765 pronunciabantur
1907 1731 1925 1762 ,
1969 1693 2039 1745 ut
2070 1685 2321 1763 insignis
2354 1685 2708 1764 significatio

740 1788 1042 1848 Ciceronis
1092 1790 1417 1849 exsisteret.
1518 1789 1686 1849 Brut.
1727 1788 1840 1863 75,
1899 1787 2052 1862 262,
2112 1786 2191 1846 de
2228 1786 2487 1848 Caesaris
2535 1806 2705 1848 com-

741 1892 1050 1951 mentariis
1067 1937 1086 1968 ‚
1144 1912 1319 1952 sanos
1373 1892 1610 1971 quidem
1661 1890 1925 1950 homines
1972 1912 2010 1949 a
2053 1889 2360 1950 scribendo
2404 1890 2704 1952 deterruit.

740 1992 942 2052 Milon.
987 1991 1026 2051 2
1045 2038 1063 2068 ‚
1105 1991 1143 2051 3
1161 2038 1180 2069 ,
1221 2011 1469 2071 quorum
1517 1992 1739 2052 elamor
1783 1992 2088 2050 admonere
2120 2013 2224 2051 vos
2259 1991 2504 2052 debebit.
2585 1990 2705 2052 De-

738 2095 1041 2155 lectantur
1074 2114 1147 2155 ea
1185 2095 1420 2154 ratione
1466 2094 1512 2153 ii
1554 2094 1932 2173 potissimum
1983 2095 2299 2174 scriptores
2315 2141 2334 2172 ‚
2375 2094 2485 2174 qui
2525 2114 2705 2174 prae-

739 2199 951 2278 gnanti
994 2218 1217 2276 genere
1268 2196 1514 2257 dicendi
1575 2205 1865 2257 utuntur:
1926 2197 2131 2257 Livius
2180 2196 2292 2255 vll
2310 2243 2329 2273 ‚
2390 2197 2431 2257 6
2449 2242 2468 2272 ,
2508 2196 2548 2257 3
2565 2244 2584 2274 ,
2624 2197 2704 2258 de

741 2301 964 2360 illustri
1008 2300 1082 2360 Μ.
1132 2300 1324 2360 Curtii
1359 2300 1628 2360 facinore
1643 2347 1662 2378 ,
1703 2320 1889 2380 quem
1930 2303 2250 2382 castigasse
2270 2302 2493 2381 ferunt
2523 2301 2702 2361 dubi-

740 2417 929 2465 tantes
945 2450 963 2480 ‚
1022 2424 1102 2464 an
1149 2404 1338 2464 ullum
1381 2405 1576 2486 magis
1629 2404 1965 2465 Romanum
2019 2405 2233 2463 benum
2245 2450 2265 2481 ,
2322 2425 2501 2484 quam
2534 2423 2701 2465 ama

739 2510 1044 2589 virtusque
1100 2520 1280 2569 esset:
1339 2507 1573 2569 Tacitus
1621 2507 1764 2567 Hist.
1817 2506 1898 2567 lv
1916 2554 1935 2584 ,
1985 2505 2097 2583 20,
2156 2505 2236 2567 de
2282 2505 2550 2584 Batavis,
2590 2508 2703 2588 qui

741 2612 1099 2692 obsequium
1134 2612 1466 2672 abnuentes
1494 2610 1657 2671 ferro
1691 2612 1854 2671 viam
1885 2610 2001 2670 sibi
2036 2611 2423 2672 muniverant
2449 2619 2511 2671 et
2535 2609 2704 2690 apud

741 2716 1009 2776 Bonnam
1043 2714 1435 2794 profligarant
1463 2713 1673 2793 Belgas
1702 2714 2154 2792 Romanamque
2187 2716 2489 2793 legionem
2514 2712 2703 2775 fude—

745 2827 907 2880 rant:
950 2820 1226 2894 victores,
1258 2818 1492 2879 colonia
1514 2818 2056 2900 Agrippinensium
2081 2819 2302 2894 vitata,
2333 2818 2494 2877 nihil
2516 2829 2702 2878 cetero

741 2925 812 2982 in
844 2923 1057 2982 itinere
1089 2922 1296 2982 hostile
1327 2922 1466 2981 ausi
1489 2920 1803 2981 Bonnense
1826 2921 2128 3000 praelium
2152 2922 2548 2999 excusabant,
2582 2922 2627 2981 i.
2645 2941 2702 2981 e.

740 3045 812 3086 ea
862 3045 957 3085 res
1007 3024 1172 3104 apud
1219 3024 1517 3086 Romanos
1575 3024 1878 3085 excusatio
1917 3022 2258 3084 'Bonnensis
2307 3023 2523 3103 praelii
2576 3043 2703 3085 esse

737 3137 990 3208 poterat.

827 3230 1036 3312 Gellii)
1116 3230 1264 3291 Satis
1286 3231 1354 3290 hi
1378 3231 1696 3292 firmantur
1722 3251 1757 3292 a
1789 3230 1934 3290 viris
1960 3229 2167 3292 doctis.
2241 3218 2411 3305 ‚Quid
2435 3229 2698 3291 Niebuh-

741 3336 905 3394 rinm
935 3334 1221 3411 moverit,
1265 3343 1334 3394 ut
1370 3335 1514 3395 Hist.
1532 3334 1705 3396 Rom.
1726 3335 1777 3397 I.
1808 3354 1870 3414 p.
1905 3333 2001 3395 10.
2031 3341 2155 3395 not.
2187 3332 2286 3395 ed.
2316 3332 2443 3394 2³⁸·
2471 3335 2701 3414 legeret

747 3437 974 3498 Gellius
990 3481 1009 3511 ‚
1051 3457 1174 3497 non
1213 3438 1509 3517 intelligo.

821 3539 981 3599 nihil
1016 3541 1096 3600 ad
1138 3538 1423 3622 Coelium)
1505 3540 1789 3601 Certatim
1834 3541 1952 3600 viri
1988 3539 2149 3600 docti
2186 3548 2589 3621 exposuerunt
2620 3539 2701 3602 de

740 3661 1010 3723 praepos.
1063 3643 1143 3702 ad
1199 3645 1265 3703 in
1327 3645 1792 3724 comparatione.
1889 3642 2007 3703 Sed
2065 3652 2275 3706 eontra
2336 3644 2703 3724 Madvigium

743 3763 995 3826 agnosco
1048 3746 1324 3807 eamdem
1370 3749 1495 3806 vim
1539 3748 1608 3806 in
1644 3747 1769 3807 Fin.
1801 3745 1930 3824 111,
1978 3747 2089 3822 16,
2131 3746 2238 3821 52,
2279 3768 2527 3827 quorum
2565 3748 2701 3807 ordo

732 3852 1005 3932 proxime
1047 3850 1275 3910 aceedit
1293 3897 1311 3926 ‚
1350 3862 1419 3909 ut
1458 3850 1748 3910 secundus
1790 3851 1872 3909 sit
1909 3849 1989 3908 ad
2020 3852 2248 3929 reqium
2268 3852 2699 3932 principatum.

742 3955 978 4034 Quippe
1019 3975 1162 4014 vere
1198 3953 1602 4022 differentiam
1636 3954 1699 4014 h.
1733 3952 1776 4011 1.
1811 3952 2040 4012 indicat
2072 3952 2388 4026 secundus,
2429 3972 2702 4032 praeser-

742 4057 851 4116 tim
904 4058 969 4116 in
1014 4058 1129 4117 hac
1177 4057 1509 4116 Stoicorum
1564 4056 1965 4135 disputatione
1983 4101 1999 4128 ‚
2058 4075 2132 4114 ex
2182 4075 2303 4133 qua
2354 4055 2459 4114 illa
2476 4101 2495 4131 ‚
2545 4076 2702 4135 quae

741 4160 1073 4221 secundum
1124 4160 1325 4221 locum
1378 4160 1752 4236 obtinerent,
1811 4179 1925 4220 nec
1976 4159 2129 4220 bona
2183 4173 2295 4218 nec
2346 4159 2502 4218 mala
2521 4206 2538 4236 ,
2596 4159 2702 4219 sed
