3131 5032
686 731 901 791 strum
948 720 1256 789 inviseres
1279 769 1298 808 ,
1348 740 1481 787 non
1529 717 1845 787 auderem
1898 716 2025 787 hoc
2071 716 2162 791 ad.
2214 728 2280 787 te
2324 716 2635 788 volumen

686 847 969 916 mittere.
1053 843 1247 933 Quod
1279 843 1662 938 alloquendi
1692 844 2072 914 institutum
2105 843 2224 914 diu
2259 845 2634 936 ignoratum

683 997 721 1042 a
760 974 1061 1063 GraeciS,
1110 974 1180 1041 in
1215 972 1469 1043 diversa
1518 972 1690 1041 vitae
1734 970 2213 1066 literarumque
2257 971 2636 1042 conditione

686 1114 891 1196 atque
953 1101 1260 1199 opinione
1325 1080 1453 1170 nisi
1510 1100 1713 1194 primi
1765 1100 2200 1187 invenerunt,
2264 1098 2633 1192 plurimum

683 1240 863 1299 certe
918 1239 1406 1322 usurpaverunt
1457 1226 1776 1315 Romani,
1827 1226 2292 1314 coniunctum,
2343 1238 2421 1296 ut
2469 1226 2631 1295 mihi

677 1354 952 1449 quidem
992 1353 1197 1423 videri
1236 1352 1445 1442 solet,
1495 1375 1652 1423 cum
1695 1375 1774 1421 ea
1811 1375 2073 1423 morum
2112 1354 2589 1447 temperatione
2607 1406 2628 1442 ,

678 1503 852 1575 quae
903 1480 1252 1550 doctorum
1297 1501 1569 1573 quoque
1621 1478 1795 1547 inter
1837 1480 2014 1573 ipsos
2054 1480 2429 1549 societatem
2477 1504 2629 1549 mu-

678 1620 1002 1701 tuamque
1060 1605 1588 1676 benevolentiam
1650 1604 1998 1694 conciliat,
2047 1605 2407 1701 superbam
2455 1618 2633 1677 certe

677 1748 746 1805 et
790 1734 1148 1805 solitariam
1190 1732 1628 1825 arrogantiam
1663 1731 1982 1802 excludit.
2082 1732 2232 1820 Quo
2266 1735 2474 1827 magis
2516 1734 2632 1805 do·

678 1851 955 1931 lendum
986 1873 1087 1931 est
1117 1872 1344 1954 postea
1379 1882 1612 1954 saepe,
1639 1859 1822 1953 quod
1852 1860 2108 1930 veritati
2140 1872 2207 1929 et
2235 1859 2630 1931 humanitati

684 1986 1075 2074 deberetur,
1126 1986 1396 2055 vanitati
1430 1998 1499 2055 et
1535 1985 1878 2056 ambitioni
1918 1986 2248 2057 tributum
2276 2011 2439 2058 esse.
2528 1988 2633 2059 Tu

677 2112 851 2183 hanc
892 2111 1241 2205 epistolam
1276 2133 1356 2179 ex
1400 2135 1536 2205 quo
1569 2113 1789 2181 animo
1828 2111 2192 2205 profectam
2236 2114 2632 2208 interpreta-

675 2253 868 2310 turus
913 2239 1036 2328 sis,
1073 2238 1355 2307 aliorum
1398 2236 1673 2308 fortasse
1711 2237 1916 2328 nihil,
1961 2262 2108 2308 mea
2146 2252 2285 2309 tam
2319 2242 2628 2328 interest,

680 2377 760 2435 ut
815 2388 1142 2461 perquam
1196 2363 1473 2433 moleste
1531 2351 1798 2434 ferrem*
1828 2364 1949 2434 nisi
2005 2364 2371 2460 simplicem
2410 2388 2517 2434 me
2561 2378 2629 2435 et

683 2503 943 2562 rectum
983 2504 1053 2561 et
1091 2491 1229 2560 veri
1284 2503 1621 2561 amantem
1665 2490 1991 2562 duceres:
2039 2514 2162 2584 ego
2214 2503 2318 2579 te,
2366 2493 2421 2563 si
2457 2514 2632 2586 quae

681 2619 753 2688 in
781 2642 891 2687 me
918 2616 1360 2711 reprehendes
1388 2630 1457 2687 et
1485 2618 1872 2711 castigabis,
1910 2617 2275 2714 prudenter
2296 2616 2628 2690 facturum

568 2835 571 2840 Ἴ
684 2766 828 2815 esse
861 2742 1130 2815 confido
1153 2757 1222 2814 et
1252 2743 1497 2833 libere,
1535 2747 1591 2815 si
1628 2746 1770 2817 sine
1804 2745 1958 2817 odio
1995 2769 2074 2816 ac
2104 2747 2247 2816 sine
2272 2746 2632 2817 acerbitate

683 2872 882 2942 iacies
908 2923 929 2960 ,
979 2870 1478 2941 benevolentiae
1502 2879 1681 2943 *tuae
1728 2873 2039 2944 tribuam.

782 2998 873 3067 Ea
912 3021 1017 3067 τω
1048 3011 1272 3068 autem
1308 2999 1805 3092 quemcumque
1836 3011 2150 3067 eventum
2188 2999 2426 3069 habeat
2448 3051 2468 3088 ,
2508 2998 2635 3070 hoc

690 3135 872 3195 certe
915 3104 1183 3216 probari
1226 3107 1363 3195 tihi'
1395 3136 1604 3217 puto,
1646 3144 1884 3217 operae
1932 3124 2226 3218 pretium
2269 3124 2481 3197 facere
2518 3128 2635 3221 qui
2697 3206 2702 3211 .

684 3251 932 3343 ingenii
974 3251 1143 3321 vires
1188 3251 1257 3319 in
1301 3250 1708 3344 explicandis
1752 3250 2281 3344 castigandisque
2319 3252 2636 3324 Tullianis

690 3377 1139 3448 voluminibus
1198 3376 1683 3470 periclitantur.
1799 3376 1963 3464 Quis
2018 3374 2344 3448 dubitat?
2393 3380 2634 3473 inquis.

692 3504 825 3592 Qui
863 3503 1084 3598 palam
1127 3503 1402 3597 quidem
1447 3515 1516 3574 et
1529 3503 1729 3573 'serio
1766 3502 2003 3574 dixerit
2047 3504 2350 3575 inutilem
2389 3530 2468 3576 ac
2510 3520 2638 3577 ste-

693 3632 884 3701 rilem
939 3654 1087 3701 eam
1148 3651 1417 3723 operam
1478 3653 1662 3718 oese,
1736 3630 1879 3702 aliis
1947 3633 2170 3725 potius
2232 3634 2638 3725 gravioribus

699 3758 950 3830 scilicet
1018 3770 1092 3828 et
1153 3756 1619 3828 illustrioribus
1689 3757 2192 3849 destinandam,
2267 3784 2446 3831 nunc
2505 3785 2641 3832 non

699 3886 1008 3956 memini:
1057 3883 1175 3954 sed
1222 3897 1447 3954 tamen
1503 3882 1750 3955 multos
1807 3906 1950 3956 esse
1995 3908 2129 3955 non
2177 3886 2475 3978 ignoras,
2523 3890 2642 3982 qui

698 4026 817 4083 aut
846 4011 1114 4081 omnino
1150 4033 1310 4105 prae
1338 4011 1606 4081 Graecis
1641 4010 1902 4082 Latinas
1934 4010 2153 4082 literas
2180 4024 2638 4102 contemnant,

703 4139 802 4234 (id
838 4137 1019 4232 quod
1056 4139 1198 4210 iure
1228 4159 1444 4230 nuper
1479 4136 1983 4233 Bernhardyus‚
2022 4139 2092 4209 in
2125 4137 2525 4232 praefatione
2552 4139 2640 4208 ad
2689 4153 2694 4156 ·
