3131 5032
1079 424 1226 490 Lm.
1267 423 1335 508 1,
1391 428 1504 504 16,
1553 428 1663 494 45.
2224 429 2347 493 l207

384 650 577 711 quare
649 631 843 690 vimus
907 629 1175 708 expungi
1253 628 1463 688 malim
1535 649 1677 689 mox
1731 627 1949 689 dicam.
2062 628 2363 693 Postremo

383 733 707 794 subiicitur
762 733 1096 808 conclusio,
1154 734 1349 814 igitur
1380 765 1461 778 —
1492 733 1691 792 eodem
1737 734 1925 793 modo.
1953 763 2035 777 —-
2066 733 2240 794 Nunc
2283 736 2363 796 de

383 839 638 916 singulis
663 836 1019 898 videndum.
1099 837 1198 896 Ea·
1229 837 1425 915 ipsius
1451 836 1688 911 habitu,
1728 836 1769 896 i.
1799 856 1853 896 e.
1879 857 1955 897 ex
1985 837 2133 916 ipso.
2213 839 2357 899 lure

384 941 888 1020 Wyttcnbachius
905 938 1441 1018 Peripateticorum
1468 940 1595 1005 ἕξιν
1623 939 1911 1000 contulit:
1953 939 2132 1000 modo
2160 949 2359 1002 tenea-

385 1063 520 1103 mus
559 1053 683 1104 tam
734 1046 1020 1104 virtutem
1050 1052 1115 1102 et
1140 1042 1478 1119 scientiam,
1520 1063 1704 1122 quam
1747 1063 1905 1123 quae
1938 1043 2031 1102 his
2059 1045 2360 1108 contraria

386 1157 558 1224 sunt,
621 1168 694 1207 eo
742 1145 1038 1208 vocabulo
1089 1145 1419 1206 contineri:
1477 1145 1637 1205 conf.
1693 1144 1816 1206 Cic.
1868 1146 2104 1208 lnvent.
2138 1148 2241 1223 11,
2280 1147 2354 1226 9,

386 1249 502 1324 30,
558 1248 705 1330 (quo
758 1250 890 1310 loco
940 1267 1100 1327 quae
1147 1247 1271 1308 duo
1316 1257 1631 1327 ponuntur
1651 1294 1668 1323 ‚
1710 1248 1946 1308 habitae
1985 1258 2048 1309 ct
2079 1253 2317 1329 affectio
2333 1298 2353 1328 ‚

392 1372 514 1412 non
549 1353 991 1412 accuratissime
1020 1349 1388 1430 respondent
1419 1351 1614 1410 tribus
1644 1350 1774 1427 his,
1814 1354 2085 1429 δύναμις,
2127 1353 2351 1420 πάθος,

389 1455 542 1529 ἕξις,
584 1454 747 1534 apud
801 1453 1192 1513 Plutarchum
1243 1452 1460 1512 Virtut.
1504 1453 1646 1513 Mor.
1682 1474 1742 1533 p.
1777 1453 1932 1530 443,
1971 1454 2058 1529 1),
2098 1476 2212 1516 nec
2254 1456 2358 1517 de-

386 1557 640 1616 bueram
669 1557 837 1615 hunc
869 1555 1075 1616 locum
1110 1574 1253 1614 cum
1288 1554 1499 1614 Stoicis
1542 1555 1914 1634 coniungere
1947 1556 2023 1616 ad
2056 1558 2356 1619 Cleomed.

388 1678 449 1737 p.
485 1655 653 1739 277.)
731 1658 848 1717 Sed
895 1657 1122 1716 mirum
1166 1658 1232 1716 in
1267 1657 1514 1718 modum
1553 1658 1780 1718 labitur
1813 1659 2172 1720 Goerenzius
2186 1706 2205 1737 ‚
2246 1663 2357 1742 qui

386 1760 469 1822 ad
521 1762 671 1822 haec
712 1760 1071 1840 explicanda
1118 1760 1452 1821 Stoicorum
1506 1761 1661 1827 ἔξεις
1707 1761 1986 1839 advocat,
2032 1783 2144 1823 nec
2177 1765 2359 1825 sensit

386 1885 655 1925 errorem
684 1864 962 1925 Moserus.
1043 1863 1114 1923 Et
1147 1864 1662 1943 quemadmodum
1693 1865 1756 1925 h.
1788 1865 1833 1925 1.
1852 1867 2164 1946 prudentis
2192 1868 2359 1927 lusbi-

389 1979 483 2028 ιω
499 2013 518 2044 ,
560 1968 643 2026 ita
671 1968 1026 2027 transfertur
1054 1967 1218 2027 idem
1247 1967 1323 2027 ad
1350 1967 1540 2046 ipsam
1571 1969 1888 2029 virtutem:
1929 1968 2111 2029 Arch.
2142 1971 2209 2045 7,
2248 1971 2359 2050 15,

388 2082 634 2131 naturae
668 2072 861 2151 ipsius
895 2070 1164 2130 habitus.-
1207 2070 1336 2131 Pin.
1363 2071 1485 2146 111,
1527 2071 1633 2146 14,
1670 2071 1777 2148 48,
1811 2075 2053 2133 viv-tutis
2079 2074 2356 2149 habiem;

389 2174 539 2236 ibid.
593 2173 703 2249 IV,
769 2172 880 2249 14,
937 2173 1053 2248 37,
1109 2176 1365 2234 rationis
1426 2175 1701 2234 ΙοαΙνίιωε
1771 2176 1931 2237 conf.
1997 2177 2230 2239 Cortius
2278 2179 2358 2240 ad

389 2279 602 2339 Salust-
651 2277 929 2356 Iugurth.
980 2276 1261 2353 XXVIII,
1306 2277 1364 2338 4.
1398 2309 1479 2324 -·
1510 2279 1625 2339 Est
1650 2280 1811 2338 enim
1857 2280 2047 2340 vireu
2086 2286 2360 2364 perfecta

388 2383 566 2443 ratio.
642 2380 719 2439 In
744 2380 841 2439 his
870 2379 1077 2440 multis
1104 2380 1297 2441 modis
1329 2381 1555 2441 labitur
1586 2382 1966 2442 Goerenzius.
2048 2382 2359 2463 Primum,

390 2487 550 2545 enim
583 2482 733 2544 dicit
764 2502 887 2544 ense
918 2503 1030 2564 pro
1057 2493 1252 2543 autem
1269 2528 1285 2558 ‚
1318 2485 1443 2544 iam
1470 2502 1643 2556 cerm-
1684 2502 1799 2544 nec
1828 2484 2007 2543 sensit
2038 2482 2196 2545 hanc
2233 2506 2357 2550 esse

386 2588 902 2649 confirmationem
938 2585 1334 2646 assumtionis.
1410 2586 1749 2646 Delectatus
1784 2585 1901 2645 hoc
1939 2606 2046 2647 suo
2080 2589 2359 2666 invento,

383 2692 650 2753 inculcat
695 2691 857 2750 idem
909 2689 988 2750 ad
1038 2688 1165 2749 Fin.
1217 2686 1329 2763 IV,
1374 2688 1484 2764 14,
1524 2689 1606 2750 37
1625 2736 1643 2765 ‚
1684 2689 1791 2748 ubi
1832 2696 2034 2750 tamen
2073 2692 2350 2754 eamdem

382 2792 830 2879 confirmandae
880 2791 1334 2872 propositionis,
1394 2811 1552 2871 quae
1599 2791 1917 2853 subiicitur
1934 2840 1952 2869 ‚
1992 2795 2120 2853 vim
2163 2797 2354 2855 conti-

383 2907 508 2961 net.
589 2896 1028 2976 suffragantem
1080 2895 1228 2956 huic
1277 2896 1501 2976 placito
1551 2903 1762 2955 nactus
1812 2905 1901 2957 est
1949 2896 2238 2958 Moserum
2273 2899 2354 2959 ad

381 3003 520 3063 illos
570 3002 734 3061 locos
786 2999 865 3060 de
915 3000 1114 3060 Divin.
1161 3018 1347 3079 quos,
1387 2998 1650 3076 exempli
1682 3018 1895 3073 causa,
1936 2999 2199 3060 indicat:
2241 3002 2351 3062 sed

381 3125 586 3186 neque
637 3103 706 3164 in
755 3104 913 3180 istis,
953 3123 1157 3182 neque
1189 3103 1257 3162 in
1289 3102 1419 3162 ullo
1449 3101 1571 3162 alio
1602 3103 1803 3162 nativa
1837 3103 1900 3161 vi
1935 3102 2349 3168 defraudanda

378 3217 468 3270 est
498 3208 667 3269 Coni.
706 3208 895 3283 enin,
937 3225 1306 3286 quamquam
1340 3205 1548 3285 paullo
1583 3204 1855 3265 diversus
1887 3226 2028 3265 usus
2060 3216 2185 3283 est,
2224 3230 2351 3270 non

378 3322 615 3374 tantum
668 3313 735 3371 in
782 3313 999 3370 etenim
1048 3310 1146 3392 (ut
1189 3309 1519 3388 Madvigius
1567 3306 1831 3388 docuit),
1884 3309 1989 3369 sed
2039 3311 2221 3371 etiam
2279 3314 2347 3374 in

374 3438 562 3498 neque
595 3419 773 3477 enim.
853 3414 972 3475 Sed
1006 3415 1209 3475 minus
1239 3422 1578 3493 opportune
1612 3414 1676 3472 h.
1708 3412 1750 3473 l.
1787 3412 2068 3473 affirmari
2102 3415 2347 3478 videtur

377 3522 655 3580 vinalem
711 3538 836 3579 esse
878 3521 1208 3600 perfectam
1267 3519 1585 3578 rationem.-
1646 3536 1848 3596 neque
1898 3518 2062 3578 enim
2112 3520 2177 3579 in
2232 3520 2348 3583 hnc

376 3623 738 3683 assumtione
771 3621 850 3682 de
896 3623 1179 3683 universa
1226 3621 1452 3681 virtute
1490 3620 1729 3699 agitur,
1767 3621 1871 3681 sed
1909 3622 1988 3683 de
2021 3623 2347 3702 prudentia

376 3744 539 3806 quae
589 3744 724 3804 pars
771 3725 846 3784 sit
896 3726 1043 3786 eius.
1125 3724 1481 3785 Tollendum
1516 3724 1702 3784 credo
1736 3726 1927 3786 virtus
1943 3774 1961 3803 ,
2001 3729 2345 3808 intelligen-

378 3829 582 3907 daque
606 3827 946 3908 prudentia.
975 3860 1057 3873 —-
1084 3828 1252 3909 Quod
1277 3840 1426 3888 certe
1453 3830 1523 3886 in
1549 3840 1767 3888 natum
1797 3841 1899 3889 est.
1982 3831 2343 3892 Goerenzius

371 3932 607 4015 (rursus
639 3931 969 4010 plaudente
1001 3929 1247 4009 Mosero)
1284 3932 1440 4012 quod
1471 3932 1959 3992 coniunctionem
1998 3953 2122 3992 esse
2156 3934 2341 4010 dicit,

370 4045 436 4098 et
467 4034 864 4115 reprehendit
906 4035 1222 4094 Ernestum
1240 4081 1259 4110 ‚
1298 4035 1405 4114 qui
1452 4056 1601 4115 quae
1635 4035 1991 4114 corrigebat.
2074 4034 2190 4095 sed
2209 4084 2227 4111 ‚
2271 4044 2340 4096 ut

367 4161 545 4222 saepe
575 4140 645 4201 fit
676 4147 813 4221 post
841 4138 1108 4201 cuiusvis
1134 4139 1374 4231 generis
1403 4138 1802 4217 substantiva,
1833 4147 2033 4201 neutr.
2064 4140 2222 4221 quod
2246 4159 2335 4201 rc·
