3131 5032
612 1425 699 1477 16.

1694 477 1789 551 44

773 693 1011 786 vibus,
1056 690 1388 767 dominos
1434 713 1587 763 esse
1630 692 1957 762 omnium
1992 712 2238 762 rerum
2268 713 2354 763 ac
2389 692 2721 769 modera-

771 829 966 888 tores
1013 813 1221 906 deOS,
1268 836 1495 910 eaque
1538 834 1728 909 quae
1771 824 2114 908 gerantur
2151 835 2405 883 eorum
2451 817 2602 912 geri
2643 818 2721 887 vi

769 933 1041 1008 ditione
1075 947 1098 986 ¹
1147 959 1232 1007 ac
1276 935 1605 1020 numine,
1651 928 2087 1028 eosdemque
2129 933 2405 1028 optime
2454 931 2546 1004 de
2591 956 2721 1031 ge·

764 1080 940 1128 nere
970 1054 1350 1127 hominum
1382 1055 1671 1141 mereri,
1695 1063 1768 1123 et
1791 1050 2023 1148 qualis
2047 1053 2360 1148 quisque
2377 1054 2504 1142 sit,
2535 1051 2723 1150 quid

764 1189 955 1273 agat,
982 1173 1156 1273 quid
1188 1178 1265 1244 in
1298 1198 1374 1245 se
1400 1171 1765 1262 admittat,
1802 1195 1949 1268 qua
1976 1183 2245 1260 mente,
2281 1195 2428 1268 qua
2449 1174 2721 1270 pietate

763 1294 953 1367 eolat
989 1278 1394 1391 religioneS‚
1431 1295 1725 1382 intueri,
1757 1293 2197 1390 piorumque
2226 1303 2300 1362 et
2330 1293 2723 1390 impiorum

765 1412 1036 1487 habere
1074 1417 1449 1487 rationem.
1546 1414 1671 1482 His
1703 1414 1898 1482 enim
1928 1407 2148 1482 rebus
2178 1407 2497 1483 imbutae
2520 1435 2724 1483 men·-

764 1549 872 1607 tes
911 1533 1105 1606 haud
1146 1557 1316 1606 sane
1345 1530 1849 1605 abhorrebunt
1878 1530 1972 1603 ab
2005 1529 2166 1601 utili
2196 1543 2271 1601 et
2293 1542 2321 1581 ²
2364 1553 2529 1602 vera
2559 1555 2723 1602 sen-

759 1657 1010 1727 tentia.
1092 1651 1289 1744 Quid
1347 1665 1455 1725 est
1508 1655 1703 1724 enim
1749 1653 2016 1741 verim,
2073 1674 2294 1747 quam
2351 1653 2721 1722 neminem

764 1799 920 1860 esse
972 1788 1307 1874 oportere
1346 1786 1493 1844 tam
1530 1771 1745 1843 stulte
1776 1782 2230 1867 arrogantem
2269 1783 2354 1840 ut
2392 1772 2470 1840 in
2502 1794 2578 1842 se
2611 1794 2723 1842 ra-

764 1899 1040 1966 tionem
1086 1906 1158 1965 et
1205 1906 1522 1964 mentem
1571 1901 1777 1989 putet
1823 1892 2084 1978 inesse,
2128 1891 2206 1959 in
2261 1889 2463 1985 ooelo
2503 1915 2723 1961 mun-

762 2011 1006 2109 doque
1046 2036 1196 2083 non
1229 2009 1482 2109 putet?
1521 2023 1657 2082 aut·
1696 2022 1780 2080 ut
1811 2033 1896 2081 ea
1929 2033 2119 2107 quae
2148 2013 2268 2081 vix
2300 2035 2580 2084 summa
2608 2014 2721 2082 in-

757 2135 954 2230 genii
1012 2134 1287 2202 ratione
1346 2127 1946 2228 comprehendat,
2003 2128 2201 2202 nulla
2244 2132 2522 2201 ratione
2559 2153 2721 2201 mo·

760 2254 912 2323 veri
946 2249 1198 2348 putet?
1246 2251 1485 2339 Quem
1520 2271 1694 2319 vero
1725 2260 2089 2320 astrorum
2124 2246 2452 2338 ordineS,
2489 2272 2720 2346 quem

762 2369 1042 2442 dierum
1096 2371 1570 2464 noctiumque
1620 2364 2139 2439 vicissitudines
2158 2419 2179 2457 ‚
2234 2392 2455 2466 quem
2510 2392 2719 2440 men·

762 2492 947 2575 sium
990 2489 1444 2588 temperatio,
1487 2509 1712 2584 quem
1737 2502 1763 2541 ³
1804 2510 1886 2559 ea
1923 2510 2112 2584 quae
2150 2488 2549 2585 gignuntur
2580 2511 2717 2562 no-

757 2611 872 2684 bis
944 2609 1035 2683 ad
1103 2606 1492 2681 fruendum
1573 2630 1724 2679 non
1789 2622 2074 2703 gratum
2129 2630 2281 2679 esse
2347 2623 2618 2707 cogunt
2645 2623 2716 2701 ⁸,

708 2757 719 2767 ·
760 2729 962 2802 hunc
1041 2729 1413 2802 hominem
1476 2731 1780 2800 omnino
1840 2731 2204 2801 numerari
2265 2733 2399 2827 qui
2465 2728 2718 2804 decet?

759 2853 1152 2947 Quumque
1210 2852 1456 2922 omnia
1527 2872 1716 2946 quae
1783 2851 2133 2920 rationem
2195 2846 2468 2922 habent
2503 2875 2717 2950 prae-

759 2986 953 3043 stent
985 2975 1071 3042 iis
1111 2994 1295 3067 quae
1328 2983 1499 3041 sunt
1529 2971 1828 3040 rationis
1861 2971 2209 3066 expertia,
2238 2967 2583 3067 nefasque
2618 2974 2715 3044 sit

757 3091 998 3163 dicere
1048 3089 1269 3162 ullam
1305 3113 1458 3160 rem
1490 3100 1853 3187 praestare
1890 3100 2189 3160 naturae
2228 3093 2557 3162 omnium
2602 3116 2718 3166 re·

758 3233 955 3296 rum3
1008 3210 1361 3279 rationem
1421 3211 1654 3278 inesse
1719 3210 1798 3277 in
1872 3231 1956 3280 ea
2019 3206 2513 3282 confitendum
2578 3223 2714 3285 est.

759 3324 987 3422 Utiles
1042 3348 1195 3396 esse
1244 3322 1490 3398 autem
1562 3322 1693 3396 has
1754 3328 2136 3423 opiniones
2157 3343 2184 3382 ⁵
2249 3330 2411 3424 quis
2458 3342 2712 3427 neget,

757 3469 988 3543 quum
1043 3443 1420 3543 intelligat,
1481 3468 1701 3541 quam
1757 3443 1981 3517 multa
2022 3442 2406 3518 firmentur
2441 3450 2716 3520 iureiu-

751 3564 1020 3657 rand0,
1074 3579 1386 3662 quantae
1434 3565 1649 3638 saluti
1698 3569 1839 3637 sint
1876 3564 2253 3638 foederum
2301 3567 2715 3667 religioneS‚

759 3710 979 3784 quam
1021 3685 1287 3757 multos
1328 3685 1552 3758 divini
1591 3685 1924 3786 supplicii
1960 3701 2194 3758 metus
2223 3712 2267 3760 a
2299 3688 2564 3761 scelere
2595 3714 2714 3763 re-

719 3799 728 3814 *
761 3811 1065 3900 vocarit,
1114 3831 1481 3905 quamque
1521 3821 1762 3880 sancta
1806 3810 1898 3879 sit
1938 3810 2240 3881 societas
2280 3812 2547 3882 civium
2596 3814 2712 3882 in-

745 4186 782 4239 h
821 4107 839 4140 ι
894 4106 1004 4174 geri
1040 4104 1253 4159 iudicio,
1327 4110 1350 4148 ι
1401 4117 1452 4159 02
1486 4125 1535 4162 ι.
1609 4111 1633 4147 ⁸
1681 4075 1965 4175 quemque.
2034 4109 2058 4149 ἱ
2108 4119 2313 4178 cogant.
2384 4112 2410 4150 ⁸
2443 4109 2726 4179 opiniones

784 4203 854 4239 u.
944 4211 950 4219 ·
