3131 5032
628 942 717 994 3⁷.

1704 477 1870 549 20·

784 695 1036 763 amissa
1069 691 1205 762 est!
1257 704 1379 762 aut
1430 703 1513 760 tu
1554 693 1616 759 is
1662 713 1767 778 eS,
1817 693 1946 785 qui
1992 692 2064 756 in
2105 681 2542 783 disputando
2579 707 2730 753 non

787 823 996 880 tuum
1047 808 1396 880 iudicium
1449 811 1771 905 sequaris
1810 817 1870 897 ²,
1931 804 2058 877 sed
2103 805 2516 875 auctoritati
2563 801 2735 873 alio-

776 948 951 1000 rum
1004 952 1273 1027 pareas.
1373 932 1468 999 M.
1538 934 1701 1003 Non
1760 949 2077 1025 semper,
2135 926 2313 994 Tite.
2412 921 2547 993 Sed
2599 924 2739 992 iter

762 1046 1005 1123 ,huius
1045 1051 1396 1119 sermonis
1438 1045 1639 1144 quod
1677 1049 1768 1117 sit
1802 1044 2018 1117 vides.
2118 1041 2226 1114 Ad
2266 1067 2381 1113 res
2415 1039 2740 1139 publicas

788 1165 1176 1240 firmandas
1222 1180 1294 1239 et
1338 1165 1430 1238 ad
1468 1164 1925 1238 stabiliendas
1965 1168 2150 1236 vires
2188 1159 2685 1256 sanandosque
2710 1177 2739 1215 2

792 1285 1103 1384 populos
1155 1289 1409 1357 omnis
1446 1298 1693 1357 nostra
1744 1287 1979 1384 pergit
2026 1284 2278 1354 oratio.
2379 1282 2734 1370 Quocirca

794 1428 1047 1475 vereor
1096 1407 1547 1476 committere
1591 1419 1676 1475 ut
1729 1428 1876 1474 non
1921 1403 2108 1474 bene
2152 1404 2437 1500 provisa
2477 1378 2548 1470 et
2588 1398 2745 1470 dili-

794 1536 1048 1622 genter
1086 1520 1842 1623 explorata'principia
1881 1535 2274 1622 ponantur:
2328 1544 2463 1591 nec
2503 1532 2745 1590 tamen

795 1657 879 1714 ut
916 1642 1256 1715 omnibus
1292 1642 1733 1741 probentur,
1771 1642 1964 1737 (nam
1996 1640 2067 1712 id
2105 1638 2263 1712 fieri
2297 1664 2444 1709 non
2480 1640 2747 1738 potest)

799 1761 925 1835 sed
958 1776 1045 1833 ut
1077 1765 1198 1852 iis,
1250 1767 1379 1859 qui
1413 1767 1652 1835 omnia
1685 1776 1879 1834 recta
1916 1773 2136 1857 atque
2167 1759 2472 1831 honesta
2504 1784 2636 1858 per
2672 1782 2749 1830 se

799 1881 1196 1981 expetenda
1230 1881 1626 1971 duxerunt,
1678 1894 1749 1952 et
1792 1894 1919 1952 aut
1949 1878 2131 1950 nihil
2168 1883 2471 1950 omnino
2504 1883 2581 1950 in
2617 1878 2750 1950 bo-

797 2004 909 2071 nis
942 1999 1500 2089 numerandum,
1551 2004 1690 2071 nisi
1728 1999 1928 2096 quod
1965 2024 2096 2098 per
2131 2024 2207 2072 se
2240 2003 2475 2098 ipsum
2514 1998 2752 2071 lauda-

798 2119 943 2191 bile
977 2132 1191 2208 esset,
1241 2133 1366 2191 aut
1406 2134 1599 2191 certe
1637 2118 1919 2190 nullum
1959 2116 2374 2189 habendum
2410 2142 2751 2216 magnum

800 2238 1076 2310 bonum
1094 2292 1113 2330 ,
1139 2242 1279 2309 nisi
1309 2238 1508 2336 quod
1532 2264 1697 2311 vere
1730 2238 2002 2311 laudari
2032 2263 2156 2309 sua
2187 2250 2443 2338 sponte
2470 2252 2752 2336 posset3

801 2358 915 2430 his
950 2358 1319 2448 omnibuS,
1356 2363 1503 2431 sive
1538 2362 1615 2429 in
1648 2358 2024 2431 Academia
2058 2372 2299 2429 vetere
2328 2381 2493 2427 cum
2531 2363 2756 2456 Speu-

803 2483 1042 2578 sippn,
1114 2483 1547 2569 Xenocrate,
1619 2479 2005 2551 Polemone
2082 2493 2533 2568 manserunt,
2605 2482 2756 2552 sive

800 2597 1260 2670 Aristotelem
1293 2611 1365 2669 et
1403 2598 2013 2698 Theophrastum,
2063 2624 2226 2670 cum
2271 2599 2406 2670 illis
2447 2622 2757 2697 congru-

805 2731 1006 2789 entes
1057 2740 1136 2788 re
1165 2724 1228 2806 ⁸,
1279 2740 1541 2814 genere
1596 2716 1902 2788 docendi
1942 2715 2264 2815 paullum
2309 2714 2755 2807 differentes,

805 2840 1030 2910 secuti
1063 2849 1263 2927 sunt,
1298 2841 1472 2927 sive,
1506 2835 1588 2907 ut
1620 2840 1893 2908 Zenoni
1922 2839 2154 2907 visum
2188 2850 2323 2926 est,
2357 2835 2573 2909 rebus
2605 2863 2753 2909 non

807 2958 1262 3029 commutatis
1312 2960 1876 3027 immutaverunt
1919 2955 2294 3045 vocabula,
2344 2959 2492 3028 sive
2541 2961 2756 3029 etiam

806 3078 1159 3147 Aristonis
1186 3072 1546 3146 difficilem
1576 3088 1795 3169 atque
1825 3072 2155 3163 arduam,
2190 3074 2315 3145 sed
2344 3078 2483 3146 iam
2518 3089 2756 3147 tamen

808 3193 1103 3265 fractam
1134 3206 1206 3263 et
1244 3196 1646 3265 convictam
1682 3206 1947 3265 sectam
1981 3197 2207 3264 secuti
2239 3208 2442 3286 sunt,
2476 3209 2587 3286 ut,
2623 3199 2760 3267 vir-

807 3308 1088 3382 tutibus
1147 3314 1461 3409 exceptis
1516 3323 1736 3406 atque
1794 3314 2008 3400 vitiis,
2070 3324 2304 3383 cetera
2354 3316 2428 3382 in
2478 3337 2759 3386 summa

762 3431 1236 3528 aequalitate
1289 3442 1675 3530 ponerent;
1736 3429 1845 3500 his
1903 3429 2261 3502 omnibus¹
2302 3431 2510 3522 haec,
2571 3457 2758 3530 quae

724 3605 741 3622 .
807 3551 989 3641 dixi,
1034 3550 1471 3651 probantur:
1522 3547 1665 3620 sibi
1693 3564 1935 3622 autem
1971 3550 2455 3649 indulgenteS,
2491 3567 2563 3624 et
2600 3578 2760 3625 cor-

806 3675 970 3771 pori
1001 3670 1517 3760 deservientes,
1567 3684 1786 3767 atque
1822 3673 2099 3758 omnia,
2143 3695 2330 3767 quae
2361 3687 2759 3768 sequantur

804 3794 881 3861 in
905 3794 1048 3862 vita
1075 3814 1408 3886 quaeque
1434 3787 1748 3887 fugiant,
1770 3788 2260 3888 voluptatibus
2289 3804 2360 3862 et
2382 3789 2759 3864 doloribus

807 3909 1319 4009 ponderanteS,
1371 3913 1589 3982 etiam
1642 3912 1704 3982 si
1757 3934 1925 3981 vera
1972 3908 2258 4001 dicunt,
2309 3911 2521 4006 (nihil
2563 3915 2758 3984 enim

1068 4086 1213 4094 0⁴-

868 4177 886 4214 ί
924 4189 1154 4241 sequare.
1226 4180 1247 4214 ²
1288 4190 1535 4239 oum-que.
1619 4177 1640 4210 ⁸
1677 4192 1731 4225 re
1765 4184 2124 4241 congruentes.
