3131 5032
1175 468 1315 536 ΠΒ.
1362 468 1462 552 Π,
1509 474 1590 551 5,
1651 470 1748 535 13.
2302 472 2424 538 485

474 676 690 756 copula
729 677 796 734 iu
837 695 909 736 ea
946 674 1255 735 sententia.
1336 673 1452 733 Sed
1499 693 1624 733 uon
1662 672 2071 733 recedendum
2099 676 2313 754 opinor
2344 677 2421 736 ab

473 799 546 839 ea
596 799 842 854 norma,
901 797 1170 858 pronora.
1222 778 1279 837 io
1329 786 1458 836 tum
1510 778 1840 837 necessario
1885 778 2151 856 requiri,
2202 781 2251 838 si
2297 782 2423 860 ipse

472 902 673 961 neque
717 903 790 941 ex
835 883 1134 962 prioribus
1151 927 1169 957 ‚
1210 881 1319 960 qui
1350 881 1462 956 sit,
1503 881 1893 958 grammatica
1934 881 2168 942 ratione
2196 882 2421 944 indica·

476 994 612 1061 tur,
652 1006 854 1065 neque
883 1006 1051 1065 sequ.
1085 985 1337 1045 relativo
1370 982 1730 1046 declaratur.
1810 982 1898 1042 Ne
1929 984 2141 1045 Graeci
2178 986 2425 1064 quidem

477 1093 684 1156 αὐτός,
728 1110 838 1168 pro
877 1093 1054 1155 αὐτὸς
1097 1082 1267 1154 οὗτος
1307 1086 1541 1148 dicunt.

556 1214 784 1254 necesse
826 1205 911 1252 est
954 1227 1034 1239 -—
1076 1193 1256 1274 legem
1294 1190 1499 1250 habere
1528 1192 1599 1248 in
1631 1190 1801 1249 rebus
1844 1188 2106 1270 optimis)
2182 1191 2254 1250 In
2291 1191 2428 1251 Infi-

476 1297 671 1357 nitivo
715 1305 955 1357 secutus
999 1316 1132 1355 sum
1183 1293 1339 1353 Voae.
1384 1293 1458 1352 B:
1515 1292 1741 1371 reliqui
1791 1292 2022 1352 haberi.-
2064 1294 2426 1355 utromodo

477 1399 747 1479 legatur,
789 1399 853 1459 h.
889 1399 931 1458 l.
967 1397 1123 1457 nihil
1156 1396 1438 1456 interesse
1471 1403 1638 1473 puto,

558 1503 601 1584 §
647 1503 741 1563 13.
838 1503 1023 1561 multa
1066 1502 1402 1581 perniciosa
1424 1545 1439 1571 ,
1497 1500 1680 1558 multa
1717 1497 2029 1579 pestifera)
2105 1498 2432 1578 Vulgatum

466 1607 807 1686 perniciose
838 1636 920 1650 —
956 1606 1239 1685 pentfere
1273 1601 1429 1660 nihil
1470 1602 1639 1660 aliud
1674 1600 1905 1660 iudicat
1943 1603 2007 1660 in
2057 1601 2275 1679 codd„
2315 1605 2458 1663 nisi·

467 1710 846 1789 perniciosae
872 1740 953 1753 —
978 1708 1325 1787 pestiferae,
1360 1724 1579 1783 nempe
1608 1705 1792 1785 leges.-
1827 1703 1932 1763 sed
1957 1705 2244 1766 adverbia
2269 1715 2435 1767 certe

479 1832 603 1872 non
653 1819 826 1870 eraut
868 1810 1053 1869 huius
1097 1809 1250 1869 loci:
1307 1827 1496 1886 quare
1554 1807 1794 1866 restitui
1843 1806 1945 1883 id,
2003 1808 2168 1887 quod
2218 1810 2434 1887 optimi

476 1916 655 1990 libri,
712 1915 875 1993 apud
931 1914 1222 1973 Moserum
1280 1930 1559 1990 quoque,
1626 1910 1871 1969 habent.
1925 1945 2006 1956 —
2058 1911 2187 1971 Mox
2208 1958 2225 1987 ,
2286 1913 2435 1995 legis

475 2040 685 2079 nomen
718 2019 1021 2099 attingunt
1044 2034 1360 2095 perperam
1385 2013 1817 2091 interpretatur
1839 2012 2120 2071 Moserus:
2154 2021 2241 2072 est
2267 2016 2434 2075 enim

477 2144 688 2183 nomen
734 2124 775 2183 i.
825 2140 886 2201 q.
941 2121 1239 2202 dignitas:
1299 2117 1462 2177 unde
1506 2124 1638 2176 orta
1681 2123 1769 2175 est
1811 2115 1993 2175 lectio
2035 2115 2241 2177 Ambr.
2279 2142 2337 2178 α.
2372 2126 2436 2178 et

476 2226 717 2305 Lagom.
752 2225 854 2299 10,
883 2225 1032 2306 logis
1059 2225 1184 2283 vim
1200 2268 1217 2297 ,
1244 2240 1402 2301 quae
1426 2218 1844 2297 interpretatio
1875 2226 1980 2281 est.
2061 2219 2323 2296 Nomen,
2366 2227 2438 2281 ut

480 2347 689 2405 saepe,
728 2332 1081 2402 corruptum
1119 2331 1207 2380 eet
1251 2323 1315 2380 in
1349 2322 1521 2380 bonis
1556 2320 1760 2394 libris,
1797 2328 1867 2379 ut
1899 2320 2261 2381 scriberetur
2292 2343 2433 2384 non.

563 2449 741 2507 quam
772 2429 829 2484 ei
863 2427 1070 2490 latores
1104 2425 1338 2501 aliquan
1371 2443 1644 2483 comes-su
1683 2443 1791 2481 wo
1822 2421 2154 2502 sanxerint)
2229 2425 2438 2486 Neces-

482 2532 635 2592 saria
668 2538 756 2590 est
787 2527 1079 2588 correctio
1105 2529 1374 2587 latrones.
1454 2524 1619 2586 Offic.
1655 2524 1743 2601 11,
1785 2524 1853 2583 11
1871 2570 1889 2599 ,
1926 2525 2035 2601 40,
2077 2530 2227 2606 quin
2258 2533 2437 2590 etiam

482 2638 635 2719 leges
680 2634 970 2694 latronum
1023 2651 1143 2689 esse
1190 2629 1488 2688 dicuntur.
1579 2626 1654 2686 In
1701 2628 1936 2707 aliquae
1980 2630 2160 2690 multi
2210 2635 2439 2711 conspi.

479 2747 649 2815 ταιῆς,
692 2755 807 2796 nec
849 2732 1028 2793 video
1066 2751 1178 2791 cur
1218 2731 1421 2790 locum
1461 2728 1681 2789 cedere
1712 2728 1930 2790 debeat
1958 2730 2167 2808 alteri,
2207 2734 2434 2813 aliqua.

481 2843 692 2921 Neque
746 2858 1015 2899 consessu
1063 2834 1251 2917 (quod
1303 2855 1426 2893 non
1486 2833 1603 2892 nisi
1646 2833 1880 2910 vulgari
1929 2835 2077 2895 vitio
2126 2836 2192 2897 in
2245 2836 2433 2898 Codd.

481 2945 768 3006 scribitur
819 2937 1119 3018 concessu)
1169 2936 1524 2997 mutandum
1573 2944 1659 2996 est
1701 2936 1766 2995 in
1813 2958 2132 3014 consensu,
2172 2939 2339 3018 quod
2372 2939 2437 2999 iu

481 3050 692 3124 nullo,
732 3047 984 3125 opinor,
1023 3043 1183 3102 libro
1213 3041 1531 3119 reperitur.
1613 3040 1882 3118 Xenoph.
1920 3040 1992 3103 Μ.
2022 3043 2076 3102 S.
2114 3042 2180 3116 1,
2215 3041 2291 3118 2,
2328 3042 2439 3118 43,

482 3156 585 3212 ε’ἀν
618 3155 813 3230 ὀλίγοι
847 3150 1237 3209 συνελθόντες
1265 3147 1587 3222 γράψωσιν.
1627 3142 1787 3203 cons.
1814 3142 1978 3203 Plato
2001 3143 2179 3222 Gorg.
2205 3164 2266 3223 p.
2294 3143 2433 3206 489.

485 3258 549 3317 C.
599 3257 701 3316 fin.
803 3251 921 3312 Sed
970 3270 1039 3310 ea
1091 3247 1345 3307 varietas
1393 3245 1872 3324 deprehenditur
1921 3265 2032 3325 pro
2069 3245 2278 3307 Flacco
2325 3247 2436 3325 17,

480 3361 594 3437 41,
638 3360 771 3418 init.
817 3389 900 3399 —
948 3354 1325 3428 Senserunt,
1366 3349 1533 3429 quod
1578 3369 1653 3409 ex
1685 3348 1858 3408 libris
1889 3369 2014 3409 non
2047 3358 2437 3411 contemnen-

481 3463 573 3522 dis
604 3468 918 3533 enutritur,
957 3457 1260 3516 soloecum
1296 3461 1383 3513 eet
1426 3454 1490 3511 in
1543 3452 1970 3514 enunciatione
2022 3453 2431 3533 hypothetica:

484 3564 642 3624 cons.
682 3564 809 3623 Fin.
851 3561 942 3635 ΙΙ,
990 3558 1095 3634 18,
1140 3556 1249 3633 58,
1290 3557 1424 3616 init.

564 3688 747 3746 neque
780 3665 1131 3724 medicorum
1164 3694 1245 3706 —
1266 3659 1532 3742 possent)
1610 3660 1684 3718 In
1729 3680 2002 3720 meorum
2036 3680 2162 3720 uno
2200 3668 2436 3721 tantum

482 3770 707 3848 legitur
749 3768 1008 3847 possint,
1066 3764 1231 3843 quod
1278 3772 1697 3844 praeterquam
1750 3764 1825 3822 ab
1877 3763 2035 3839 aliis,
2088 3764 2165 3824 ab
2209 3764 2436 3826 Orellio

483 3891 729 3954 quoque
763 3870 994 3929 editum
1028 3888 1150 3926 esse
1182 3875 1389 3927 notare
1420 3868 1680 3946 neglexi.
1761 3867 1901 3941 Sed,
1939 3874 2105 3926 extra
2141 3868 2431 3946 hypothe-

480 3979 605 4051 sin,
656 3982 785 4032 tuin
838 3971 1027 4029 multa
1077 3969 1358 4048 pestifera
1404 3970 1471 4027 in
1504 3969 1745 4048 populis
1778 3968 1949 4028 scisci
1984 3967 2252 4042 dixerat,
2295 3978 2429 4028 tum

479 4082 545 4140 in
582 4075 886 4137 medicina
926 4072 1114 4132 multa
1156 4092 1433 4152 perverse
1472 4071 1878 4131 administrari
1922 4068 2199 4128 affirmat:
2240 4090 2431 4149 quare

477 4178 903 4261 corrigendum
946 4184 1035 4238 est
1072 4189 1349 4256 ponunt,
1390 4184 1520 4235 tum
1560 4184 1728 4236 recte
1771 4181 2042 4235 servatur
2078 4175 2428 4252 conscripse-
