3131 5032
1516 513 1682 529 —

631 718 888 769 summa
959 694 1192 764 iniuria
1216 743 1235 780 ,
1302 714 1436 762 non
1514 702 1836 783 possunt,
1910 703 2026 759 aut
2103 692 2270 786 quid
2337 695 2578 791 cuique

629 821 959 894 scribendi
1005 821 1226 914 generi
1274 816 1546 890 concedi
1594 829 1896 911 oporteat
1910 870 1932 907 ‚
1999 820 2221 892 minus
2266 844 2420 894 vere
2463 847 2577 895 ae-

631 949 904 1020 stimari.
1003 948 1172 1018 Nam
1215 946 1271 1017 si
1320 943 1557 1014 dicunt
1608 944 1715 1015 isti
1735 994 1756 1032 ‚
1805 943 1960 1038 plus
2011 967 2086 1016 se
2126 945 2413 1021 historiis
2457 950 2580 1021 de-

630 1076 860 1147 lectari
898 1097 1103 1169 quam
1140 1084 1259 1144 aut
1295 1071 1704 1144 orationibus
1726 1122 1747 1160 ‚
1788 1085 1907 1144 aut
1950 1074 2245 1169 epistolis
2267 1128 2288 1166 ‚
2320 1090 2438 1150 aut
2475 1078 2581 1148 di-

628 1202 831 1296 alogis
867 1200 1327 1294 similibusque
1360 1198 1447 1269 ad
1467 1198 1847 1270 docendum
1869 1200 2249 1295 compositis
2272 1205 2579 1299 scriptio·

630 1327 828 1399 nibus
848 1379 869 1415 ‚
918 1328 1069 1422 quis
1125 1348 1320 1418 aegre
1364 1325 1530 1397 feret
1549 1323 1588 1394 ’ἲ
1686 1325 1885 1425 Modo
1922 1325 2124 1397 iidem
2167 1329 2580 1403 Herodotum

629 1469 698 1526 et
743 1454 1205 1550 Thucydidem
1248 1453 1506 1524 Platoni
1545 1466 1618 1524 et
1660 1452 2088 1525 Demostheni
2142 1470 2572 1554 anteponant.

632 1584 875 1653 Utatur
922 1605 1046 1653 suo
1101 1581 1386 1675 quisque
1443 1602 1642 1652 sensu
1694 1593 1763 1650 et
1808 1581 2053 1669 mod03
2100 1605 2234 1655 non
2278 1608 2582 1656 normam

632 1709 805 1780 hanc
831 1732 975 1781 esse
1008 1707 1340 1802 postulet,
1374 1708 1461 1777 ad
1494 1731 1702 1802 quam
1733 1707 2145 1779 diversorum
2177 1712 2581 1806 scriptorum

629 1839 975 1931 exigantur
1021 1837 1299 1907 virtutes
1319 1886 1339 1924 ‚
1389 1835 1662 1905 minime
1709 1836 2008 1906 omnium
2045 1838 2104 1908 si
2148 1839 2293 1932 ipse
2347 1853 2582 1912 natura

632 1977 749 2036 aut
806 1962 1150 2033 voluntate
1207 1962 1462 2033 alienus
1518 1975 1622 2033 est
1682 1961 1769 2032 ab
1829 1961 1945 2031 illo
2004 1987 2246 2056 genere
2302 1967 2392 2037 de
2449 1991 2584 2063 quo

631 2092 869 2184 agitur.
969 2089 1099 2161 Sed
1143 2088 1305 2160 haec
1345 2089 1738 2184 disceptatio
1781 2090 1838 2160 si
1871 2088 2133 2162 facilem
2172 2094 2425 2165 exitum
2463 2094 2583 2164 ha-

634 2219 750 2290 bet
767 2269 788 2307 ‚
838 2217 1179 2311 aliquanto
1224 2217 1625 2311 pertinacius
1670 2229 1911 2309 urgent
1957 2218 2111 2308 alii,
2160 2221 2280 2315 qui
2321 2244 2457 2291 non
2491 2222 2582 2291 ita

632 2344 720 2415 de
763 2356 1153 2437 argumento
1193 2356 1310 2414 aut
1354 2365 1594 2437 genere
1635 2343 2006 2434 scribendi,
2055 2346 2176 2417 sed
2212 2346 2302 2417 de
2341 2349 2583 2419 oratio·

632 2473 734 2544 nis
788 2470 997 2542 forma
1041 2470 1356 2543 sollicitos
1396 2493 1468 2542 se
1515 2492 1659 2542 esse
1712 2470 2133 2566 profitentur.
2234 2474 2311 2544 ln
2357 2473 2541 2546 Livio
2559 2526 2580 2564 ‚

633 2599 755 2670 sed
800 2600 1008 2692 magis
1044 2599 1245 2671 etiam
1283 2600 1354 2667 in
1400 2597 1689 2676 Salustio
1726 2611 1796 2668 et
1833 2599 1900 2668 in
1941 2600 2204 2688 Tacito,
2246 2599 2584 2671 admiran-

640 2740 752 2797 tur
808 2726 1199 2797 brevitatem
1257 2748 1413 2795 cum
1467 2724 1746 2818 insigni,
1813 2737 1893 2795 ut
1937 2724 2284 2819 appellant
2303 2778 2325 2816 ‚
2373 2726 2584 2819 digni-

640 2866 817 2942 tate,
867 2866 1011 2924 tum
1054 2851 1410 2922 verborum
1448 2851 1713 2944 pondus
1734 2902 1755 2939 ‚
1805 2853 2277 2922 sententiarum
2311 2853 2584 2944 gravita-

636 2995 773 3051 tem
806 2993 876 3050 et
907 3002 1188 3051 acumen
1205 3030 1226 3067 ‚
1266 2990 1612 3068 totamque
1643 2979 2185 3070 compositionem
2218 2978 2388 3050 forte
2420 2979 2586 3073 quid

635 3120 706 3176 et
742 3104 927 3175 virile
963 3102 1247 3190 habere,
1299 3102 1575 3194 ipsaque
1618 3100 1785 3172 adeo
1823 3105 2178 3197 asperitate
2211 3106 2411 3176 animi
2443 3127 2586 3176 ma-

636 3229 1053 3324 gnitudinem
1116 3228 1398 3323 prodere
1462 3240 1531 3298 et
1586 3227 2007 3301 altitudinem
2025 3284 2045 3321 ‚
2095 3233 2322 3327 itaque
2373 3257 2588 3327 quum

640 3358 940 3429 nativum
998 3359 1374 3427 Romanum
1437 3358 1678 3428 servari
1730 3355 2178 3428 characterem
2200 3412 2221 3449 ,
2271 3372 2420 3430 tum
2464 3359 2588 3430 hac

639 3486 781 3581 ipsa
845 3486 1119 3554 veritate
1180 3496 1248 3554 et
1308 3456 1731 3577 simplicitate
1785 3485 2231 3556 commendari
2293 3487 2406 3576 iis,
2468 3488 2588 3580 qui

638 3612 858 3681 animo
890 3611 1283 3704 ingenioque
1317 3610 1875 3705 praestantissima
1898 3663 1918 3700 ‚
1960 3636 2134 3706 quae
2166 3613 2584 3699 intueantur,

641 3751 975 3832 quaerunt
1022 3737 1347 3832 exempla.
1448 3737 1658 3808 Iidem
1714 3738 1782 3805 in
1840 3737 2154 3809 Cicerone
2196 3737 2544 3810 offendunt
2563 3789 2585 3827 ‚

645 3866 831 3960 quod
892 3867 1371 3939 sententiarum
1429 3868 1526 3937 vis
1594 3864 1813 3936 inutili
1867 3866 2056 3960 copia
2112 3865 2466 3937 verborum
2517 3879 2590 3937 et

647 3993 1097 4066 cumulatione
1131 3993 1482 4066 flaccescet
1499 4044 1520 4082 ‚
1557 3994 2039 4086 argumentatio
2074 4005 2282 4063 tracta
2323 3993 2412 4063 sit
2432 4044 2452 4082 ‚
2493 4005 2587 4065 to-

648 4136 849 4215 taque
913 4122 1302 4217 compositio
1364 4145 1498 4192 non
1552 4135 1816 4194 tantum
1867 4118 2218 4192 artificiosa
2260 4132 2591 4193 structura
