3131 5032
1585 469 1723 542 108

811 679 1026 750 iicitur
1050 680 1154 746 Do
1177 676 1510 767 quondam
1532 674 1786 744 Kar-olo
1808 696 1964 769 rege
1983 676 2402 746 Francorum
2425 699 2629 766 quae-

810 793 965 860 dam
990 791 1348 883 prophetia
1361 818 1387 858 .-
1419 801 1567 858 tum
1595 788 1701 857 De
1725 787 2094 871 Sanctam,
2125 789 2230 858 De
2255 789 2625 872 Amicitia,

810 905 1215 974 Paradooem
1274 900 1798 971 membranaceus
1852 914 1950 970 est
1966 951 1984 983 ,
2043 901 2254 972 forma
2308 901 2586 972 maxima
2604 955 2623 986 ,

809 1041 1009 1088 manu
1042 1017 1192 1087 satis
1220 1013 1460 1086 recenti
1490 1014 1796 1107 scriptus,
1839 1037 1960 1083 nec
1981 1014 2066 1082 ah
2094 1014 2359 1086 homine
2386 1015 2627 1085 intelli-

805 1131 1028 1226 genti,
1072 1129 1187 1199 sed
1229 1129 1322 1198 ita
1363 1142 1444 1198 ιιι
1475 1128 1562 1196 dc
1588 1126 1954 1196 melioribus
1982 1126 2186 1209 libris,
2228 1127 2446 1219 quales
2468 1141 2625 1198 sunt

805 1248 864 1314 A
880 1259 950 1315 et
966 1244 1017 1311 B
1032 1295 1049 1325 ,
1069 1241 1322 1312 fluxisse
1345 1253 1678 1334 appareat;
1713 1261 1928 1332 neque
1950 1262 2366 1332 pemonarum
2384 1238 2623 1311 indicia

808 1354 1036 1427 addita
1076 1368 1251 1424 sunt.

895 1470 1023 1539 Hos
1077 1465 1370 1560 quinque
1423 1463 1687 1536 Codices
1727 1464 1866 1557 ipse
1919 1479 2167 1558 quanta
2223 1465 2368 1536 fieri
2414 1479 2627 1557 potest

801 1603 1054 1652 summa
1101 1580 1241 1648 fide
1283 1577 1570 1662 contuli,
1612 1576 1705 1648 ita
1749 1591 1971 1648 tamen
1990 1629 2010 1660 ‚
2054 1591 2135 1649 ut
2167 1602 2381 1671 neque
2408 1578 2625 1647 mani-

804 1694 1000 1765 festos
1027 1691 1100 1761 in
1127 1691 1404 1786 propriis
1426 1689 1797 1761 nominibus
1823 1712 2067 1760 errores
2084 1741 2105 1774 ‚
2138 1714 2258 1761 nec
2289 1691 2625 1786 orthogra-

809 1805 1028 1898 phiam
1091 1827 1379 1897 semper,
1457 1825 1582 1873 nec
1641 1800 2108 1873 sententiarum
2186 1802 2628 1876 distinctiones

805 1918 1094 2012 religiose
1134 1931 1485 1989 enotarem.

889 2033 974 2099 Et
1002 2031 1127 2100 hoc
1167 2029 1310 2100 loco
1339 2051 1477 2100 non
1511 2029 1986 2120 praetereunda
2015 2043 2111 2099 est
2140 2028 2410 2122 suspicio
2435 2028 2619 2099 Mad-

799 2141 987 2236 vigii,
1046 2141 1119 2211 in
1162 2144 1399 2232 Epist.
1447 2144 1624 2210 Cret.
1673 2142 1769 2208 ad
1808 2143 2148 2212 Orelliwm
2171 2167 2245 2232 p.
2282 2150 2344 2213 5.
2377 2156 2515 2212 not.
2547 2156 2619 2212 et

800 2256 872 2325 in
902 2257 1183 2345 Dieput.
1230 2256 1310 2322 de
1352 2254 1781 2323 emendandis
1816 2256 2024 2325 Cicer.
2062 2256 2266 2324 libris
2295 2255 2376 2322 de
2404 2256 2613 2348 Legg.

797 2393 866 2463 p.
904 2377 967 2441 5.
1005 2370 1393 2463 (Pogramm.
1426 2392 1487 2437 a.
1525 2364 1750 2456 1836.)
1785 2367 2086 2439 codicem
2118 2367 2533 2451 Vossianum,
2575 2389 2616 2439 e

795 2505 930 2577 quo
989 2506 1028 2553 a
1091 2480 1312 2554 Gudio
1366 2493 1670 2553 enotatae
1722 2478 1855 2551 sint
1917 2479 2125 2552 variae
2184 2478 2488 2553 lectiones
2543 2479 2617 2549 in

796 2594 1085 2688 exemplo
1117 2593 1278 2664 edit.
1312 2592 1686 2664 Commelin.
1705 2643 1726 2676 ‚
1770 2592 1842 2662 in
1874 2591 2265 2663 Bibliotheca
2297 2593 2614 2663 Universi-

796 2708 949 2778 tatis
1011 2706 1400 2796 Havniensis
1437 2719 1686 2777 servato
1702 2755 1722 2789 ,
1783 2727 1963 2775 nunc
2031 2728 2164 2775 esse
2222 2705 2611 2777 Leidensem.

792 2823 984 2909 Quod
1029 2834 1109 2891 ut
1155 2818 1498 2892 definirem
1517 2870 1539 2902 ,
1589 2817 1837 2890 contuli
1872 2816 2175 2890 lectiones
2228 2819 2613 2894 Havnienses

790 2960 829 3005 a
870 2938 1110 3006 Mosero
1151 2947 1535 3003 memoratas
1574 2956 1728 3002 cum
1768 2931 1945 3001 libris
1978 2931 2329 3014 Vossianis,
2374 2932 2612 3025 reperi-

788 3072 922 3142 que
959 3048 1246 3141 primum
1277 3045 1641 3138 conspirare
1670 3068 1822 3115 cum
1861 3042 2302 3137 antiquissimo
2340 3043 2444 3137 (A)
2467 3097 2486 3128 ‚
2531 3059 2611 3116 ut

788 3160 889 3229 vix
937 3157 1214 3227 dubium
1253 3171 1338 3227 nt
1377 3156 1541 3248 quin
1575 3179 1653 3225 ex
1684 3154 1793 3226 illo
1822 3154 2360 3249 praestantissimo
2388 3156 2609 3227 codice

785 3272 920 3341 sint
950 3283 1279 3339 enotatae:
1321 3282 1465 3339 tum
1495 3267 1706 3339 nescio
1734 3293 1865 3361 qua
1893 3269 1980 3339 de
2005 3292 2191 3340 causa
2205 3320 2224 3352 ,
2258 3269 2609 3341 substitisse

784 3382 1076 3453 Gadium
1125 3379 1195 3451 in
1242 3380 1380 3450 Lib.
1429 3382 1530 3463 11,
1595 3387 1670 3463 8,
1736 3386 1824 3452 20
1871 3384 2053 3476 (nam
2089 3381 2223 3475 ipse
2263 3383 2477 3453 Codex
2516 3382 2603 3453 ad

784 3495 989 3563 finem
1025 3514 1230 3584 usque
1269 3489 1420 3561 libri
1453 3491 1629 3561 tertii
1659 3506 1894 3563 cuncta
1933 3492 2447 3588 complectitur):
2479 3517 2605 3586 po-

784 3620 1024 3676 stremo
1082 3602 1487 3698 diligentiam
1554 3604 1899 3675 desiderari
1959 3606 2058 3675 vel
2102 3605 2185 3676 in
2216 3605 2434 3678 Gudio
2488 3605 2603 3698 qui

784 3717 1104 3801 enotavit,
1150 3717 1249 3787 vel
1294 3717 1365 3787 in
1412 3720 1745 3788 fluentem
1792 3719 1906 3810 qui
1952 3718 2321 3811 descripsit,
2383 3718 2486 3789 vel
2530 3719 2603 3789 in

784 3837 1021 3904 Mosero
1063 3831 1178 3924 qui
1214 3830 1561 3924 descriptas
1607 3831 2002 3902 memoravit.
2092 3834 2237 3903 Uno
2267 3832 2605 3927 alteroque

783 3943 1072 4037 exemplo
1097 3944 1436 4038 defungar.
1526 3946 1744 4016 Monet
1772 3942 2121 4037 Madvigius
2141 3943 2213 4013 in
2233 3946 2513 4036 Dieput.
2549 3947 2599 4016 1.

781 4064 894 4127 cit.
930 4070 1280 4126 extremam
1313 4083 1351 4126 a
1383 4054 1602 4127 Gudio
1631 4069 1924 4127 notatam
1951 4057 2331 4150 scripturam
2366 4081 2496 4128 esse
2525 4057 2598 4128 in

780 4175 871 4251 11,
929 4176 1005 4251 8,
1066 4172 1154 4238 20
1195 4168 1600 4258 providendo
1643 4191 1764 4261 pro
1803 4170 2214 4259 providente.
2304 4173 2394 4241 At
2436 4193 2508 4241 ea
2557 4196 2593 4238 a
