3131 5032
713 456 897 519 xxxii

715 680 918 744 neque
951 655 1224 723 Zaleuci
1229 702 1254 735 ,
1284 676 1400 719 nec
1431 664 1703 717 nonme
1736 673 1832 717 ιιι
1853 651 2159 732 tabum,
2191 673 2307 717 nee
2326 648 2695 740 plebiscita

664 832 675 835 ,
714 769 1049 834 decidet-0.-
1091 766 1210 830 sed
1247 778 1313 830 te
1350 767 1668 830 existimo
1707 786 1914 850 quum
1933 765 2212 850 populis
2231 814 2250 844 ,
2295 776 2445 829 tum
2476 770 2694 832 ctiam

712 881 1021 971 cingulis
1061 878 1384 969 ‘hodierno
1421 899 1719 941 sermone
1772 877 1945 965 leges
1976 875 2242 940 vivendi
2270 888 2334 940 et
2369 876 2692 964 dieet‘plt‘·

712 1016 874 1058 nam
922 992 1267 1058 daturum.
1374 987 1584 1079 Igitur
1629 986 1918 1055 absoluta
1971 986 2079 1053 illa
2134 985 2691 1057 demonstratione

712 1104 879 1173 libro
922 1107 985 1169 1⁰
1026 1103 1123 1171 ius
1161 1125 1197 1168 a
1234 1112 1467 1167 natura
1500 1111 1719 1167 ortum
1755 1120 1886 1165 esse
1903 1147 1922 1179 ,
1969 1097 2388 1188 hominesque
2418 1098 2507 1166 ad
2534 1122 2687 1191 par—

715 1215 1114 1306 ticipandum
1148 1214 1246 1281 ius
1275 1225 1461 1279 natos
1495 1232 1624 1278 esse
1642 1232 1676 1290 ,·
1707 1209 1927 1278 statim
1958 1209 2079 1276 11⁸lo
2110 1208 2278 1278 libro
2310 1210 2690 1302 aggreditur

710 1328 883 1419 leges
932 1326 1019 1395 de
1066 1323 1373 1416 religione
1421 1321 1773 1413 explicare,
1821 1335 1888 1389 et
1919 1320 1990 1388 in
2029 1343 2107 1389 eo
2137 1314 2282 1390 loco
2321 1321 2437 1411 qui
2472 1337 2570 1390 est
2599 1321 2690 1392 de

713 1438 1041 1529 perpetuis
1068 1435 1255 1503 sacris
1271 1483 1290 1515 ,
1338 1448 1483 1502 tum
1514 1433 1601 1501 de
1630 1431 1922 1500 manium
1952 1432 2092 1501 iure
2135 1446 2204 1500 et
2235 1431 2322 1500 de
2348 1432 2683 1523 sepulcris,

715 1550 1039 1641 specimen
1084 1548 1397 1615 habemus
1452 1532 1582 1635 qua
1630 1544 1880 1613 ratione
1928 1559 2073 1612 tum
2125 1548 2566 1613 Romanorum
2614 1558 2688 1614 et

715 1660 1130 1753 pontificium
1177 1660 1274 1727 ius
1321 1670 1391 1725 et
1433 1656 1618 1725 civile
1635 1702 1655 1739 ,
1703 1670 1847 1724 tum
1881 1657 2273 1725 Graecorum
2304 1669 2374 1724 et
2406 1655 2688 1726 Platonis

715 1775 913 1865 leges,
961 1796 1077 1862 per
1125 1770 1296 1838 hanc
1345 1767 1901 1860 opportunitatem
1949 1768 2236 1858 exploret
2268 1781 2337 1836 et
2382 1767 2684 1839 illustret.

716 1889 881 1954 Tum
897 1936 916 1966 ,
979 1884 1139 1950 111²³⁰
1183 1881 1349 1949 libro
1409 1878 1672 1969 exponit
1732 1879 1903 1970 leges
1961 1879 2048 1946 de
2096 1878 2572 1970 magistratibus
2616 1893 2687 1948 et

717 1993 986 2085 imperio
1004 2042 1023 2073 ,
1068 1988 1386 2081 principio
1417 1987 1786 2079 significans
1825 1987 1892 2056 §e
1927 1992 2141 2056 locum
2175 1995 2391 2056 istum
2429 2003 2645 2058 totum
2663 2036 2684 2072 ,

721 2121 800 2174 ue
849 2131 894 2171 a
940 2104 1352 2173 doetiseimie
1400 2100 1679 2167 Graec-ie
1723 2105 2104 2188 quaesitum
2151 2115 2212 2168 et
2263 2103 2689 2191 dieputatum

721 2233 885 2285 acet
905 2269 922 2299 ‚
970 2218 1464 2305 eaeplicaturum
1483 2263 1504 2294 ‚
1550 2226 1612 2278 et
1660 2212 1726 2304 (i.
1761 2234 1816 2282 e.
1853 2211 2021 2301 tum)
2069 2212 2317 2303 inquit,
2364 2226 2443 2280 ut
2482 2218 2688 2281 ineli-

722 2334 832 2397 tm‘
849 2380 868 2411 ,
928 2342 1165 2395 noetra
1226 2330 1386 2390 iura
1451 2329 1820 2414 attingam.
1926 2322 2137 2390 Nihilo
2186 2323 2402 2393 minus
2450 2324 2690 2394 frustra

721 2442 1083 2535 quaerimus
1103 2422 1278 2507 illam
1302 2440 1391 2505 ad
1411 2440 1802 2505 Graecorum
1821 2436 2136 2505 rationem
2163 2437 2690 2529 philosophorum

720 2555 1084 2623 institutam
1134 2550 1642 2642 disputationem
1692 2549 1779 2616 de
1831 2549 2342 2640 magistratibus3
2392 2550 2513 2619 nisi
2557 2564 2686 2620 sta·

722 2668 1045 2737 tuendum
1086 2678 1181 2732 est
1215 2686 1364 2731 eum
1407 2661 1477 2728 in
1509 2661 1616 2728 illa
1652 2660 1883 2729 lacuna
1916 2659 2202 2750 periisse,
2247 2683 2415 2751 quae
2444 2662 2515 2729 in
2548 2663 2688 2731 fine

720 2783 871 2870 Cap.
928 2786 964 2844 7
1019 2775 1267 2866 incipit.
1379 2773 1508 2840 Sed
1573 2796 1787 2841 rursus
1848 2773 1974 2841 hoc
2032 2773 2246 2862 potius
2304 2789 2687 2866 argumento

721 2891 883 2960 mibi
918 2912 1046 2958 ense
1077 2888 1361 2968 videtur,
1396 2884 1606 2953 multo
1636 2883 1824 2974 plura
1853 2883 2154 2953 inchoata
2186 2905 2339 2952 eum
2371 2885 2692 2978 reliquisse

721 3027 920 3096 quam
953 3001 1263 3070 absoluta.

814 3112 989 3196 Quid
1035 3108 1293 3200 reliquis
1331 3105 1508 3175 libris
1536 3104 1635 3173 vel
1664 3103 1994 3173 incluserit
2013 3153 2032 3185 ,
2081 3105 2179 3173 vel
2209 3104 2539 3174 includere
2571 3129 2692 3177 vo—

726 3224 955 3304 luerit,
1002 3221 1271 3288 difficile
1301 3234 1396 3288 est
1426 3212 1624 3287 certo'
1652 3216 1958 3286 definire:
2006 3217 2358 3286 universam
2395 3217 2693 3310 disputa-

730 3337 976 3407 tionem
1021 3333 1108 3401 sic
1152 3332 1368 3400 animo
1416 3330 1607 3398 fuisse
1654 3319 2036 3419 conceptam
2057 3379 2075 3411 ,
2122 3344 2199 3398 ut
2246 3331 2462 3400 omnia
2489 3331 2693 3402 civilia

727 3448 866 3518 iura
892 3446 1240 3537 attingeret
1260 3494 1278 3525 ,
1304 3464 1614 3532 perquam
1644 3440 1953 3509 credibile
1983 3454 2099 3509 est.
2143 3445 2451 3533 Itaquel,
2474 3449 2537 3525 7,
2570 3447 2690 3527 23,

726 3560 1067 3654 pollicetur
1100 3570 1400 3624 acturum
1444 3576 1575 3621 esse
1615 3554 1693 3618 de
1732 3555 2214 3644 agnationibm
2235 3555 2694 3643 familiam

727 3676 969 3762 quibus
999 3671 1524 3758 distinguantur
1550 3679 1794 3735 statue.
1886 3666 2029 3734 Alio
2051 3666 2229 3748 loco,
2261 3669 2384 3747 111,
2420 3672 2537 3747 13,
2574 3671 2693 3750 29,

730 3786 1061 3854 dicturum
1097 3803 1226 3849 esse
1255 3778 1577 3869 significat
1599 3779 1679 3842 de
1704 3779 2081 3844 educatione
2104 3792 2163 3844 ee
2190 3778 2268 3842 de
2291 3767 2694 3866 disciplina,

731 3897 968 3988 quibus
1020 3895 1411 3961 Graecorum
1468 3896 1677 3973 ἀγωγὴ
1728 3895 1831 3956 καὶ
1889 3892 2142 3958 παιδεία
2204 3889 2693 3981 intelliguntur:

732 4005 1078 4096 statimque
1129 4018 1276 4095 post
1330 4002 1583 4070 Atticus
1638 4005 1846 4071 Marco
1892 4001 1960 4069 in
2012 4001 2385 4070 rna-oriam
2444 4016 2697 4073 revocat

734 4120 1034 4186 ordinem
1088 4120 1312 4207 legum
1328 4165 1345 4194 ‚
1378 4114 1648 4202 qualem
1700 4127 1917 4181 tamen
1957 4135 2273 4202 nusquam
2308 4135 2697 4182 commemo·
