3131 5032
1297 479 1396 553 33

367 680 557 777 genii
591 679 824 749 aciem
860 672 951 747 ad
982 671 1175 747 bona
1208 671 1536 773 eligenda
1556 688 1581 729 ¹
1626 686 1699 744 et
1730 672 2111 748 reiicienda
2146 698 2319 746 con·

370 799 615 887 traria,
665 796 884 893 (quae
928 797 1155 867 virtus
1202 818 1291 866 ex
1328 790 1777 893 providendo
1818 808 1926 865 est
1971 794 2321 893 appellata

365 916 813 1015 prudentia3)
874 912 1052 1011 quid
1109 938 1198 986 eo
1262 911 1408 984 dici
1457 926 1586 985 aut
1639 916 1934 1009 cogitari
1965 919 1994 958 ²
2052 916 2320 1011 poterit

368 1033 698 1108 beatius?
803 1031 1149 1128 Idemque
1208 1055 1438 1127 quum
1485 1030 1760 1102 caelum
1816 1045 2039 1104 terras
2102 1036 2322 1105 maria

369 1175 763 1249 rerumque
812 1154 1143 1223 omnium
1183 1163 1514 1223 naturam
1558 1155 2030 1251 perspexerit,
2092 1177 2321 1249 eaque

370 1270 567 1343 unde
597 1282 934 1367 generata
970 1294 1121 1366 quo
1161 1285 1567 1359 recurrant,
1618 1270 1911 1367 quando
1949 1271 2323 1369 quomodo

373 1389 694 1480 obitura,
744 1389 923 1486 quid
960 1393 1038 1460 in
1073 1388 1184 1459 his
1211 1395 1238 1434 ⁸
1277 1388 1578 1462 mortale
1615 1403 1686 1461 et
1722 1388 2100 1479 caducum,
2142 1391 2323 1487 quid

375 1509 703 1580 divinum
745 1522 1266 1604 aeternumque
1309 1512 1401 1581 sit
1458 1509 1746 1599 viderit,
1809 1513 2194 1608 ipsumque
2240 1535 2324 1583 ea

380 1628 878 1701 moderantem
914 1643 986 1701 et
1019 1642 1386 1726 regentem
1424 1653 1654 1726 paene
1688 1629 2091 1728 prenderit,
2141 1654 2328 1701 sese·

382 1773 527 1845 que
564 1772 714 1820 non
753 1751 918 1819 unis
940 1754 969 1794 ⁴
1012 1748 1532 1821 circumdatum
1568 1746 1948 1819 moenibus
1984 1747 2155 1837 loci,
2204 1747 2332 1820 sed

381 1872 611 1940 civem
656 1869 880 1939 totius
921 1867 1171 1939 mundi
1213 1871 1420 1964 quasi
1449 1871 1675 1939 unius
1696 1866 1895 1939 urbis
1930 1870 2331 1966 agnoverit3

381 1990 456 2059 in
507 1987 646 2060 hac
708 1986 826 2058 ille
883 1985 1409 2085 magnificentia
1467 2012 1741 2077 rerum,
1803 2002 2023 2084 atque
2068 1991 2145 2057 in
2192 1985 2337 2058 hoc

382 2120 777 2207 conspectu
808 2120 882 2178 et
913 2110 1322 2203 cognitione
1358 2121 1686 2196 naturae,
1723 2106 1825 2179 dii
1856 2103 2329 2180 immortales!

381 2250 601 2324 quam
660 2250 737 2298 se
804 2229 957 2326 ipse
1024 2239 1308 2316 noscet,
1373 2225 1574 2323 quod
1641 2226 1897 2326 Apollo
1967 2231 2334 2326 praecepit

381 2346 709 2443 Pythius„
734 2370 952 2443 quam
979 2360 1428 2437 contemnet,
1462 2371 1681 2444 quam
1710 2346 2053 2447 despiciet
2071 2398 2091 2435 ,
2115 2371 2338 2443 quam

381 2491 516 2566 pro
576 2465 806 2539 nihilo
862 2465 1144 2566 putabit
1205 2491 1289 2540 ea
1372 2491 1559 2566 quae
1615 2466 1831 2566 vulgo
1915 2464 2281 2540 ducuntur
2305 2482 2333 2523 ⁵

384 2587 837 2687 amplissima.
900 2590 1139 2684 Atque
1171 2585 1349 2660 haec
1380 2591 1658 2677 omnia,
1693 2590 1899 2684 quasi
1935 2592 2339 2688 sepimento

389 2708 634 2804 aliquo
653 2761 677 2798 ,
728 2706 1017 2780 vallabit
1063 2705 1457 2779 disserendi
1512 2710 1823 2796 ratione,
1874 2713 2024 2780 veri
2067 2723 2139 2781 et
2182 2706 2340 2780 falsi

399 2825 759 2899 iudicandi
811 2829 1141 2914 scientia,
1204 2840 1278 2898 et
1334 2840 1488 2897 arte
1542 2825 1856 2922 quadam
1900 2826 2345 2924 intelligendi

397 2946 580 3045 quid
616 2970 976 3047 quamque
1014 2970 1169 3017 rem
1205 2957 1580 3042 sequatur,
1626 2959 1698 3016 et
1735 2945 1915 3041 quid
1954 2949 2045 3016 sit
2077 2950 2343 3042 cuique

394 3068 858 3138 contrarium.
940 3068 1332 3161 Quumque
1369 3087 1444 3135 se
1482 3063 1572 3136 ad
1611 3064 1893 3136 civilem
1928 3068 2343 3137 societatem

393 3200 646 3259 natum
709 3189 1043 3274 senserit,
1096 3208 1244 3256 non
1292 3183 1526 3256 solum
1578 3184 1697 3256 illa
1744 3182 1989 3255 subtili
2026 3185 2345 3284 disputa-

395 3310 595 3379 tione
631 3305 773 3377 sibi
809 3303 1162 3377 utendum
1199 3303 1514 3403 putabit,
1552 3304 1677 3377 sed
1710 3308 1923 3377 etiam
1949 3303 2107 3379 fusa
2136 3307 2346 3379 latius

398 3438 747 3524 perpetua
791 3427 1148 3513 oratione,
1194 3449 1339 3520 qua
1390 3437 1587 3520 regat
1633 3424 1981 3523 popuIOS,
2025 3451 2170 3522 qua
2205 3440 2348 3499 sta-

401 3546 597 3636 biliat
645 3544 867 3640 legeS,
908 3568 1053 3639 qua
1098 3547 1390 3639 oestiget
1436 3543 1839 3643 improboS,
1878 3569 2023 3641 qua
2061 3560 2349 3619 tueatur

403 3665 673 3753 bonOS,
726 3688 872 3759 qua
928 3661 1168 3735 laudet
1225 3663 1452 3735 claros
1502 3666 1727 3754 viros„
1779 3689 1924 3760 qua
1971 3681 2350 3765 praecepta

405 3784 648 3856 salutis
694 3797 769 3854 et
805 3781 1031 3854 laudis
1070 3797 1235 3881 apte
1270 3783 1359 3856 ad
1393 3781 1967 3881 persuadendum
2007 3784 2171 3857 edat
2205 3791 2352 3858 suis

409 3903 713 3992 civibuS,
741 3926 887 3998 qua
916 3901 1189 3976 hortari
1218 3904 1304 3976 ad
1332 3902 1586 3993 decus»,
1615 3927 1948 3976 revocare
1976 3929 2020 3976 a
2050 3904 2348 4002 flagitio,

476 4176 489 4208 ¹
529 4171 827 4240 deligenda.
899 4174 921 4209 ²
956 4172 1257 4239 excogitari.
1328 4175 1350 4206 ³
1386 4170 1471 4221 iia.
1542 4171 1565 4208 δ
1601 4172 1778 4224 unius.
1849 4173 1872 4210 ⁸
1905 4170 2159 4224 dicuntur.

2028 4269 2066 4328 53

2390 1056 2475 1115 6¹.
