3131 5032
795 498 804 504 .
887 441 1014 509 546
1542 437 1687 506 Lm.
1734 437 1827 522 11,
1882 439 1991 521 18,
2043 441 2152 505 45.

888 644 1190 724 quoniam.
1272 641 1512 703 Constat
1552 642 1782 702 retinui
1822 662 1899 703 ex
1940 641 2013 702 A.
2093 641 2212 703 Sed
2242 663 2316 704 es
2358 651 2686 724 coernptum
2712 645 2783 704 vi-

891 746 1072 806 detur
1097 766 1172 806 ex
1205 758 1261 806 ct
1272 770 1300 819 ,·
1329 744 1494 806 unde
1527 745 1593 804 in
1620 745 1827 805 multis
1858 753 2185 824 utrumque
2214 754 2329 822 est,
2356 758 2413 806 et
2435 769 2508 807 cs
2528 748 2785 807 amandia-

892 868 1051 928 quae
1093 848 1451 928 praepositio
1494 848 1544 907 si
1586 848 1877 927 probatur
1893 894 1913 924 ,
1952 848 2301 928 requiretur
2332 850 2513 910 etiam
2542 850 2602 910 in
2632 870 2757 928 seqq.
2770 893 2786 925 ‚

893 964 952 1012 ct
983 972 1055 1011 ex
1085 973 1157 1011 ea
1172 954 1372 1033 samo.
1453 951 1569 1025 Qui
1611 958 1858 1011 tuentur
1891 951 2388 1030 praepositionem
2406 999 2429 1030 ,
2468 960 2699 1013 utuntur
2720 951 2790 1011 his

892 1056 1025 1116 Nat.
1060 1055 1130 1117 D.
1165 1055 1288 1131 111,
1333 1055 1443 1131 15,
1481 1053 1596 1130 38,
1635 1075 1784 1134 quoe
1832 1052 2201 1135 (prudentia)
2234 1068 2463 1117 comat
2496 1078 2565 1116 es
2593 1057 2788 1117 scientia

894 1179 1085 1219 rerum
1115 1160 1398 1217 bonarum
1431 1169 1486 1217 ct
1517 1158 1839 1217 malarum:
1868 1155 2012 1215 addi
2037 1159 2257 1236 poterit
2285 1158 2450 1219 Offic.
2475 1159 2536 1235 Ι,
2573 1157 2667 1235 44,
2691 1156 2791 1233 157,

889 1264 1112 1338 virtue,
1146 1283 1296 1341 quoe
1328 1272 1554 1322 constat
1576 1282 1649 1320 cs
1675 1260 2011 1320 hominibus
2041 1262 2292 1324 tuendis.
2371 1262 2494 1323 Sed
2526 1263 2633 1323 alio
2652 1260 2789 1322 modo

897 1373 960 1426 et
994 1364 1104 1424 ista
1137 1364 1463 1439 dicuntur,
1503 1371 1567 1424 et
1597 1364 1665 1423 in
1706 1363 2031 1442 partitione
2069 1364 2163 1445 (in
2195 1385 2317 1444 qna
2350 1366 2570 1428 merito
2596 1384 2791 1445 praepo-

897 1467 1173 1528 sitionem
1207 1467 1466 1547 requirit
1496 1465 1828 1545 Madvigius
1866 1466 1943 1526 ad
1979 1466 2109 1528 Fin.
2151 1466 2233 1526 lv
2243 1513 2263 1544 ,
2304 1466 2375 1545 8,
2431 1470 2537 1546 19,
2574 1478 2635 1530 ut
2655 1469 2794 1527 hoino

898 1583 1125 1632 constat
1175 1593 1248 1631 οε
1300 1573 1499 1631 animo
1550 1582 1607 1630 et
1656 1571 1944 1651 coaeporo).·
1984 1569 2050 1628 in
2085 1569 2311 1648 quibua
2342 1573 2570 1653 quippe
2599 1574 2705 1652 ipsa
2728 1569 2795 1629 rei

895 1675 1241 1754 designatur
1262 1683 1504 1749 natura,
1532 1682 1638 1735 aut
1667 1674 1849 1733 etiam
1877 1673 2222 1733 distributio
2250 1675 2316 1733 in
2342 1684 2560 1755 partes.
2631 1675 2797 1735 Contra

888 1799 1112 1859 poenae
1161 1798 1286 1838 non
1334 1777 1697 1838 describitur
1748 1785 1964 1836 natura
1982 1822 2000 1851 ‚
2059 1776 2163 1837 sed
2204 1789 2475 1839 constare
2509 1798 2662 1853 eam,
2696 1777 2730 1837 i.
2758 1796 2796 1835 e.

895 1883 1134 1961 agnosci
1183 1890 1245 1941 et
1285 1882 1483 1960 palam
1517 1880 1649 1940 fieri
1682 1880 1907 1941 dicitur
1942 1887 2074 1940 tum
2114 1900 2188 1940 eo
2205 1926 2225 1957 ,
2263 1881 2435 1960 qnod
2468 1882 2647 1943 animi
2670 1881 2799 1942 vivo-

888 2005 1029 2044 rum
1071 1993 1394 2060 vexantur,
1449 1992 1579 2044 tum
1628 1983 1793 2062 quod
1829 1991 2096 2043 mortuos
2136 2002 2209 2044 ea
2248 1983 2408 2045 sama
2449 1984 2797 2065 consequitur.

891 2086 1137 2166 (Contra
1153 2133 1173 2163 ,
1228 2086 1387 2147 infra
1437 2085 1480 2166 §
1534 2086 1642 2161 46,
1705 2085 1773 2143 in
1820 2085 1993 2145 bonis
2040 2085 2212 2146 libris
2245 2088 2555 2150 exciderat
2588 2108 2655 2148 ετ
2683 2087 2737 2146 in
2759 2096 2800 2145 et

890 2188 1202 2270 exspecto.)
1279 2189 1375 2249 Sic
1427 2189 1617 2267 igitur
1661 2188 1970 2249 concludit
2019 2188 2178 2249 hanc
2234 2190 2714 2270 disputationem,
2751 2189 2801 2247 in

890 2312 1014 2373 qua
1064 2311 1294 2352 novum
1357 2291 1507 2370 quid
1574 2290 1939 2351 demonstrat
1957 2337 1975 2367 ,
2048 2310 2174 2352 esse
2232 2293 2559 2371 quamdam
2611 2290 2801 2355 sceleri·

880 2416 1136 2476 poenam
1157 2442 1176 2473 ,
1230 2414 1484 2473 eamque
1520 2394 1791 2455 divinam
1826 2414 1969 2456 esse.
2004 2429 2085 2443 --
2118 2394 2193 2454 In
2232 2396 2586 2474 postremis,
2615 2393 2797 2478 gaudio

884 2501 1283 2582 comprobetur
1338 2498 1601 2559 nimium
1669 2498 1825 2559 mihi
1890 2498 2170 2560 videtur:
2237 2498 2606 2580 praeferrem
2664 2496 2800 2571 odio,

883 2606 1040 2665 sicut
1087 2605 1215 2665 Fin.
1264 2603 1294 2663 l
1313 2649 1331 2679 ,
1379 2603 1482 2680 16,
1536 2603 1610 2663 51
1628 2648 1648 2678 ,
1696 2623 1876 2682 quum
1927 2604 2291 2664 conscientia
2329 2606 2661 2682 factorum,
2705 2613 2800 2661 tua

875 2729 1072 2789 poeno
1102 2708 1295 2789 legum
1326 2706 1574 2785 odioque
1607 2707 1852 2767 civium.
1934 2703 2096 2765 Offic.
2122 2704 2215 2781 11,
2262 2704 2367 2782 12,
2409 2706 2524 2784 43,
2557 2706 2632 2766 de
2660 2704 2801 2764 Grae·

886 2812 1036 2887 chis,
1083 2832 1190 2871 nec
1222 2811 1354 2870 vivi
1377 2808 1784 2890 probabantur
1814 2809 1986 2871 honis
1998 2854 2019 2887 ,
2062 2820 2121 2868 et
2153 2811 2372 2869 monui
2398 2830 2695 2872 numerum
2722 2804 2802 2866 ob-

885 2917 1077 2976 tinent
1112 2917 1243 2975 iuro
1282 2933 1599 2975 coecorum.
1628 2923 1631 2924 ’

1592 3113 1865 3185 CAPUT
1905 3114 2140 3183 XVIII.

963 3327 1006 3408 §
1047 3329 1145 3388 45.
1225 3338 1294 3387 ut
1311 3328 1498 3408 soom
1532 3324 2003 3399 domiciliorum,
2042 3343 2276 3384 sacrum
2314 3323 2554 3385 deorum
2580 3321 2800 3384 omniun

883 3433 993 3513 oct)
1078 3431 1466 3492 Domicilium
1487 3474 1507 3505 ,
1541 3427 1711 3508 quod
1743 3427 2025 3488 nonnulli
2060 3426 2286 3487 habent
2302 3473 2322 3504 ,
2361 3435 2564 3488 ortum
2597 3445 2667 3486 ex
2693 3439 2802 3482 eor·

885 3535 1152 3595 rectione
1167 3579 1185 3609 ,
1251 3541 1495 3613 propter
1555 3532 1835 3592 vitiosum
1900 3552 2153 3593 socrum.
2250 3529 2366 3591 Sed
2418 3550 2493 3591 ex
2543 3530 2802 3590 honorum

883 3638 1180 3698 librorum
1218 3658 1383 3696 sacro
1428 3635 1627 3695 facilis
1659 3642 1786 3694 erat
1820 3634 2114 3695 correctio
2145 3654 2338 3695 sacro.
2414 3630 2668 3694 Platonis
2691 3628 2802 3694 533⁸

885 3742 1163 3814 οἰκήσεως
1191 3744 1336 3798 πᾶσι
1366 3736 1647 3798 redditur
1661 3739 1850 3818 focus
1874 3737 2336 3813 domiciliorum,
2365 3737 2526 3817 plur.
2543 3746 2799 3799 numero»

879 3844 1167 3926 quoniam
1221 3846 1455 3916 οἴκησις
1500 3840 1887 3902 collectivum
1940 3838 2383 3920 quodammodo
2418 3847 2506 3901 est
2520 3886 2541 3918 ,
2580 3831 2799 3900 domici-

877 3952 1026 4012 lium
1063 3969 1186 4008 non
1225 3948 1392 4009 item.

958 4059 1029 4114 in
1058 4054 1301 4116 urbibus
1333 4063 1388 4112 et
1401 4046 1718 4133 privatim)
1749 4113 1755 4117 ,
1796 4049 1929 4109 Non
1959 4056 2239 4110 accurata
2263 4049 2622 4110 Graecorum
2645 4044 2797 4103 inter·

874 4160 1128 4238 pretatio
1156 4158 1306 4218 haec
1339 4164 1454 4232 est,
1480 4155 1546 4215 in
1573 4154 1796 4234 quibus
1819 4161 1908 4214 est
1939 4154 2003 4212 ἐν
2037 4154 2246 4220 ἄλλαις
2274 4157 2537 4214 πόλεσιν·
2568 4141 2798 4212 Platoni·
