3131 5032
730 437 859 506 414
1404 434 1546 503 Lm.
1594 434 1660 519 1,
1725 434 1835 521 18,
1884 438 1994 506 49.

716 647 827 707 uhi
879 666 957 706 ex
1006 642 1260 706 Claudio
1309 641 1710 722 Quadrigario
1760 641 1985 703 citatur
2032 643 2225 723 pretio
2251 654 2358 704 aue
2378 647 2656 725 praemio
2671 692 2695 724 ‚

712 748 1001 827 idemque
1052 767 1128 808 ex
1179 747 1450 807 oratione
1499 745 1561 805 C.
1598 745 1855 806 Graeeh‘i
1906 745 2071 825 apud
2104 746 2392 806 eumdem
2419 748 2693 809 Gellium

711 850 823 926 xl,
878 852 980 912 10:
1039 858 1148 926 ut,
1200 849 1367 929 quod
1412 869 1554 910 mox
1605 849 1954 924 subiicitur,
2003 848 2168 907 nihil
2189 853 2492 929 praemii,
2531 852 2697 912 nihil

701 954 893 1035 pretii
906 999 925 1028 ‚
965 950 1345 1031 proverbiale
1379 950 1560 1010 fnisse
1597 949 1905 1025 videatur,
1946 958 2051 1010 ant
2092 970 2168 1010 ex
2200 951 2485 1012 formula.

796 1074 934 1137 ergo
989 1055 1188 1115 eadem
1238 1055 1478 1114 iustitia
1528 1050 1635 1133 -)
1728 1052 1778 1111 N
1782 1072 1863 1113 on
1920 1060 2070 1131 puto
2129 1062 2479 1133 corruptam
2528 1055 2692 1117 hane

711 1160 1078 1241 optimorum
1151 1159 1450 1219 librorum
1515 1157 1841 1217 lectionem
1908 1155 2187 1215 adiuvari
2254 1157 2482 1219 adscito
2499 1204 2517 1233 ,
2579 1179 2693 1239 pro

710 1264 911 1325 eadem
929 1309 947 1338 ,
988 1261 1091 1322 vel
1123 1262 1265 1320 item
1281 1305 1300 1337 ,
1342 1260 1441 1320 vel
1476 1260 1633 1318 idem
1650 1303 1668 1334 ‚
1710 1279 1746 1318 e
1780 1257 1951 1319 libris
1988 1258 2407 1321 deterioribus.
2489 1260 2692 1322 Corri-

712 1366 984 1447 gendum
1017 1373 1203 1444 puto,
1243 1383 1381 1444 ergo
1417 1382 1487 1422 ee
1515 1362 1747 1420 &mum
1784 1362 2055 1436 iustitia,
2081 1382 2234 1440 quae
2260 1362 2422 1422 nihil
2434 1394 2535 1423 -.
2556 1363 2691 1423 Cor·

711 1470 920 1549 ruptio
980 1474 1111 1529 orta
1171 1465 1416 1525 sortasse
1470 1484 1546 1523 ex
1595 1482 1669 1524 eo
1718 1462 1886 1542 quod
1941 1463 2150 1541 paullo
2212 1473 2343 1543 post
2392 1467 2690 1543 occurrit,

711 1572 1045 1651 eademque.
1075 1601 1160 1616 -
1189 1568 1340 1629 Tum
1388 1566 1652 1646 praetuli
1696 1567 1914 1647 expetit
1955 1584 2102 1645 prae
2146 1566 2336 1629 altero
2380 1571 2691 1649 exprimit,

712 1684 845 1737 tum
897 1671 1064 1754 quod
1115 1672 1234 1732 hoe
1280 1671 1544 1731 nimium
1597 1677 1686 1730 est
1736 1668 1915 1752 (nihil
1959 1670 2125 1730 enim
2161 1672 2296 1731 vult
2328 1672 2536 1748 aliud,
2576 1673 2690 1733 nisi

713 1786 913 1860 sperat
926 1822 944 1853 ,
977 1774 1262 1857 spectat),
1300 1783 1435 1835 tum
1467 1773 1636 1854 qnod
1676 1774 2112 1853 oppositionem
2137 1776 2499 1854 quaesivisse
2528 1775 2690 1838 vide·

712 1891 818 1943 tur
849 1882 1060 1942 Cicero
1094 1881 1161 1939 in
1194 1878 1327 1955 his,
1368 1903 1399 1937 ιι
1421 1877 1652 1938 iustitia
1688 1876 1850 1938 nihil
1883 1878 2148 1957 expetit,
2187 1878 2295 1938 wd
2329 1880 2454 1958 ipsa
2484 1900 2596 1959 per
2624 1897 2687 1939 se

714 2008 748 2043 >a
763 1982 1126 2061 expetitur.'’

795 2084 1108 2161 eademque
1153 2111 1238 2125 -
1289 2098 1474 2140 eausa
1526 2088 1702 2157 atquo
1734 2082 2028 2140 sententie
2067 2076 2178 2160 est)
2255 2081 2690 2160 Interpretatur

711 2182 1222 2266 wyttenbachius
1237 2226 1256 2258 ,
1299 2181 1563 2241 »eadem
1589 2189 1804 2242 natura
1820 2227 1840 2257 ,
1869 2182 2082 2243 eadem
2114 2203 2231 2244 vox
2245 2187 2301 2242 :'’
2332 2185 2692 2246 Goerenzins

713 2290 902 2352 etiam
936 2285 1291 2347 Germanice
1308 2331 1327 2360 ,
1369 2283 1477 2343 sed
1509 2285 1596 2344 ita
1624 2291 1694 2343 ut
1727 2305 1852 2344 non
1886 2287 2147 2365 explieet
2181 2287 2509 2349 verborum
2545 2290 2688 2351 rim.

714 2393 786 2453 Et
822 2411 1063 2451 causum
1097 2386 1266 2468 quod
1297 2388 1543 2462 attinet,
1587 2386 1730 2447 Ιιαεσ
1765 2390 2009 2448 virtutis
2039 2403 2219 2450 ceum
2247 2401 2333 2450 est
2348 2436 2367 2466 ‚
2409 2390 2573 2451 idem
2607 2399 2691 2452 est

715 2515 788 2558 ae
826 2496 875 2555 si
903 2493 1068 2554 dieas
1082 2539 1101 2570 ,
1143 2491 1260 2552 hoe
1294 2497 1382 2550 est
1414 2490 1478 2550 in
1509 2509 1634 2569 quo
1668 2489 1917 2551 defendi
1953 2489 2144 2552 virtus
2177 2493 2431 2570 debeat,
2474 2513 2690 2575 nempe

714 2600 1041 2681 gratuitam
1090 2615 1250 2672 esse,
1292 2603 1352 2655 et
1405 2594 1596 2674 ipsam
1640 2613 1751 2673 per
1794 2615 1856 2655 se
1890 2597 2116 2678 expeti3
2161 2616 2287 2676 quo
2319 2597 2556 2658 sublato
2590 2606 2693 2658 aut

714 2704 995 2782 neglecto
1044 2707 1249 2760 aetum
1300 2697 1376 2756 sit
1426 2697 1506 2757 de
1555 2717 1660 2757 ret
1716 2696 2057 2779 eodemque
2107 2700 2287 2761 modo
2338 2701 2695 2781 explicanda

719 2815 810 2868 est
846 2825 1026 2866 cause
1062 2802 1307 2884 imperii
1335 2798 1520 2881 (Orat.
1559 2799 1592 2859 I
1609 2845 1629 2876 ‚
1656 2799 1765 2875 34,
1801 2798 1967 2881 159),
1993 2810 2055 2863 et
2090 2824 2272 2863 causa
2305 2807 2396 2863 rei
2416 2805 2694 2886 publicae

718 2909 856 2994 (pro
891 2907 1041 2969 Snll.
1077 2906 1184 2982 10,
1220 2901 1327 2984 32)
1355 2904 1511 2964 siout
1545 2901 1707 2964 infra
1738 2903 1867 2980 111,
1899 2904 2011 2982 18,
2054 2905 2127 2966 41
2149 2952 2168 2984 ,
2211 2927 2423 2968 causae
2447 2908 2661 2989 populi
2666 2929 2695 2981 ,-

1849 3028 1883 3068 ο
1926 3009 2299 3087 conditione,
2352 3012 2431 3073 ad
2465 3011 2593 3072 Fin.
2629 3010 2690 3087 1,

1892 3132 2017 3173 non
2068 3113 2361 3175 insulsum
2406 3115 2696 3195 interpre-

1849 3216 2096 3276 ssimum
2125 3217 2332 3278 locum
2368 3219 2500 3280 Nat.
2535 3219 2605 3279 Β.
2636 3218 2694 3294 1,

1849 3317 2134 3398 mophim,
2150 3340 2272 3378 esse
2288 3321 2695 3392 inscientium,-

1849 3441 1899 3482 »ο
1934 3429 2055 3498 est,
2098 3440 2222 3501 quo
2257 3422 2496 3485 sublato
2530 3424 2698 3484 nulla

1849 3542 1873 3583 s
1902 3522 2269 3584 demonstrat
2296 3525 2447 3586 solos
2475 3525 2695 3587 Acade·

1849 3627 2026 3708 uippe
2056 3627 2167 3708 qui
2200 3647 2501 3689 assensum
2535 3630 2696 3690 cohi·

1849 3750 1911 3791 or
1944 3731 2227 3793 Latinitas
2262 3733 2698 3812 interpretaba-

1849 3836 2053 3895 mutis
2085 3839 2378 3898 sententie
2411 3850 2530 3915 est,
2570 3839 2614 3900 i.
2642 3857 2694 3899 e.

1878 3939 2135 4002 virtutis.

1849 4064 1894 4102 m
1925 4055 2127 4124 sponte
2160 4045 2353 4104 virtue
2385 4043 2699 4127 expetitur)

1849 4150 2033 4208 sctum
2053 4193 2072 4222 ‚
2111 4146 2291 4210 docte
2328 4148 2700 4214 demonstrat
