3131 5032
1165 450 1303 517 ιη.
1353 450 1450 534 11,
1506 453 1617 535 19,
1666 453 1771 516 48.
2300 456 2423 523 551

481 658 609 719 viro
645 656 1162 737 praestantissimo.
1243 655 1475 736 Nempe
1517 657 1843 736 posteriora
1877 656 1983 717 illa
2017 655 2149 738 (hoc
2183 677 2302 744 pono
2319 680 2428 739 po·

472 764 588 822 sito
604 807 622 837 ,
681 761 837 841 quod
882 772 967 821 oct
1016 756 1158 840 eet.)
1207 759 1459 820 minime
1498 760 1714 820 referri
1750 768 1898 840 puto
1931 759 2007 819 ad
2041 758 2208 820 illam
2243 781 2424 823 unam

469 867 819 925 sementiam
843 865 922 925 de
946 864 1358 925 conservandis
1384 865 1572 924 sacris
1586 888 1606 923 .·
1639 863 1743 924 sed
1768 865 2097 924 necessario
2123 865 2426 942 pertinent

469 967 549 1028 ad
581 987 655 1028 ea
690 987 848 1047 quae
895 967 1167 1048 proxime
1216 984 1381 1026 nuno
1427 966 1832 1045 praecedunt,
1876 966 1955 1026 de
1987 969 2176 1027 saco-is
2217 968 2427 1027 adiun-

465 1071 681 1153 gendis
730 1071 804 1131 iis
820 1117 840 1147 ‚
892 1072 972 1131 od
1011 1089 1156 1150 quoe
1177 1071 1440 1150 pecunia
1473 1071 1734 1129 veniret.-
1776 1077 1839 1129 et
1871 1069 2017 1129 hine
2052 1069 2206 1129 dioit
2238 1072 2425 1130 innu-

470 1174 781 1235 merabilia
829 1173 936 1234 illa
996 1173 1189 1249 nasei,
1248 1173 1469 1252 quibus
1514 1173 1884 1251 impleantur
1935 1172 2200 1233 lotorum
2264 1173 2428 1233 libri.

467 1276 696 1337 Pariter
745 1274 883 1356 Cap.
920 1275 1001 1337 20
1017 1322 1037 1353 ,
1078 1274 1189 1352 50,
1230 1274 1395 1353 init„
1449 1279 1649 1336 omnia
1697 1276 1946 1356 pendere
1998 1297 2072 1335 ex
2124 1296 2243 1335 uno
2283 1276 2389 1336 illo
2407 1322 2426 1353 ,

465 1381 623 1460 quod
666 1381 977 1461 pontifices
1014 1381 1338 1460 pecuniam
1387 1382 1576 1439 sacris
1616 1378 1872 1461 adiungi
1903 1380 2108 1439 volunt
2125 1403 2144 1436 .·
2187 1382 2388 1439 omnia
2406 1425 2425 1455 ,

464 1485 508 1546 i.
545 1505 600 1545 e.
631 1503 836 1544 omnes
868 1482 1003 1542 illas
1033 1483 1443 1563 quaestiones:
1488 1503 1690 1563 neque
1724 1483 1874 1543 haee
1909 1483 2117 1543 dirimi
2150 1494 2429 1561 poterant

467 1607 544 1649 ex
595 1588 700 1648 illa
751 1608 874 1647 uno
930 1589 1220 1647 sententia
1237 1633 1256 1663 ‚
1317 1606 1480 1647 sacra
1540 1585 1942 1646 conservanda
1994 1606 2231 1666 semper
2281 1608 2424 1650 esse.

1289 1698 1389 1749 tur
1443 1709 1568 1749 esse
1617 1690 1943 1749 necessaria
1991 1691 2425 1750 sententiarum

1288 1800 1338 1852 at
1385 1811 1543 1871 quae
1575 1793 1651 1851 sit
1686 1811 1810 1852 una
1841 1793 2168 1869 sententia,
2209 1813 2430 1873 nempe

1288 1913 1439 1971 &⁸03
1486 1901 1617 1952 tum
1658 1912 1781 1972 quo
1815 1893 1987 1955 fieret
2020 1894 2213 1970 illud,
2254 1903 2316 1955 et
2350 1917 2430 1957 ne

1288 1997 1516 2056 erirent
1546 2015 1712 2056 sacra
1729 2042 1747 2072 ,
1786 1998 2159 2058 constituisse
2191 1998 2429 2059 Pontifi-

1288 2120 1336 2160 ιι·
1351 2145 1370 2177 ,
1412 2098 1490 2159 ad
1525 2120 1676 2179 quos
1707 2119 1778 2160 ea
1811 2108 2006 2160 morte
2037 2103 2300 2179 pecunia
2331 2121 2431 2163 ve·

1288 2203 1459 2282 ’sapite
1485 2204 1649 2263 nasei
1679 2203 2145 2264 innumerabilia
2162 2251 2178 2280 ‚
2204 2207 2433 2285 quippe

1288 2326 1405 2385 [uos
1445 2308 1702 2383 pecunia
1739 2308 1869 2368 ullo
1904 2306 2085 2368 modo
2114 2311 2432 2387 pervenire

1288 2408 1464 2466 sacris
1494 2407 2046 2488 adstringerentur3
2090 2418 2272 2489 atque
2306 2414 2390 2472 sie
2411 2459 2430 2489 ‚

1316 2520 1467 2570 esset
1500 2512 1581 2570 od
1608 2514 2002 2593 cognitionem
2035 2515 2388 2595 disciplinae
2407 2563 2426 2592 ,

1288 2622 1636 2692 corruptum
1670 2634 1793 2674 esse
1828 2616 1977 2675 iuris
2011 2617 2208 2678 civilis
2242 2618 2431 2679 scien·

1288 2717 1602 2777 laestiones
1657 2719 1938 2779 excitatas
1991 2738 2148 2797 esse,
2205 2722 2428 2801 quibus

1288 2840 1357 2881 na
1429 2821 1855 2882 obscuraretur
1921 2831 1981 2882 et
2043 2823 2392 2885 eluderetur
2411 2848 2428 2883 ε

1288 2944 1337 2984 .·e
1379 2932 1583 2983 tamen
1624 2926 1827 2984 omnia
1869 2925 1974 2985 illa
2013 2925 2230 2986 referri
2261 2946 2430 3006 posse

1321 3026 1364 3109 §
1416 3028 1514 3087 51.
1596 3026 1918 3087 Videamus
1961 3030 2140 3088 etiam
2173 3030 2324 3109 quid
2361 3030 2427 3090 in

1288 3175 1305 3205 ,
1331 3137 1398 3189 nt
1424 3136 1628 3209 putat,
1657 3129 2062 3209 reprehendat
2079 3131 2428 3212 Madvigius.

1288 3254 1368 3294 zoe
1404 3235 1602 3313 posito
1622 3258 1643 3292 .·
1683 3233 1787 3293 sed
1824 3234 1951 3295 tolli
1987 3255 2119 3295 eam
2158 3245 2427 3315 oportet,

938 3401 962 3415 ι
1329 3344 1390 3396 et
1445 3336 1638 3395 tribus
1670 3337 1909 3414 Lagom.
1948 3337 2286 3414 omittitur,
2327 3338 2431 3399 sed

455 3438 637 3498 etiam
669 3438 813 3517 qnia
849 3437 1005 3496 nihil
1033 3437 1181 3496 dum
1214 3441 1476 3518 positum
1513 3446 1658 3499 erat.
1746 3440 1932 3500 Sacra
1954 3453 2239 3522 perpetua
2272 3464 2423 3517 esse,

456 3559 581 3598 non
628 3548 755 3598 erat
810 3540 905 3600 ius
950 3539 1299 3620 quoddam,
1340 3549 1447 3600 aut
1481 3561 1695 3602 norma
1723 3562 1881 3622 quae
1912 3552 2276 3622 poneretur,
2315 3546 2421 3605 sed

457 3643 782 3715 muntia,
823 3643 863 3702 i.
896 3663 951 3702 e.
988 3645 1343 3720 consilinm,
1384 3664 1590 3719 mens,
1633 3664 1815 3723 qnam
1862 3655 2064 3707 tamen
2109 3647 2422 3709 Pontifices

457 3762 792 3821 numquam
855 3744 920 3801 in
982 3744 1153 3804 libris
1216 3748 1338 3806 suis
1397 3748 1925 3826 consignaverunt.
2035 3752 2167 3812 Istis
2231 3754 2421 3832 igitur

458 3845 719 3921 omissis,
757 3846 1185 3923 corrigendum
1218 3851 1380 3910 Hinc
1431 3853 1569 3910 iura
1604 3854 1956 3932 pontificum
1989 3867 2146 3916 auct.
2228 3858 2417 3932 Iura,

454 3946 659 4026 inquit
711 3946 821 4022 H„
880 3967 1003 4008 non
1054 3957 1219 4008 reete
1270 3950 1494 4028 plurali
1541 3974 1797 4014 numero
1846 3955 2171 4031 dicuntur,
2221 3975 2415 4032 quum

454 4069 653 4110 unum
695 4059 984 4129 ponatur,
1026 4059 1096 4111 ut
1133 4071 1296 4113 saera
1330 4054 1403 4113 iis
1434 4056 1554 4115 sint
1585 4057 1904 4132 adiuncta,
1948 4059 2056 4136 qui
2090 4060 2414 4136 pecuniam

453 4154 816 4233 aeceperint.
901 4154 1280 4233 Roepoudoe,
1315 4159 1415 4217 ius
1449 4158 1571 4218 diei
1603 4180 1724 4220 non
1761 4162 2020 4238 potuisse
2042 4209 2056 4234 ,
2092 4162 2194 4221 sed
2232 4163 2415 4223 intel-
