3131 5032
745 412 879 479 376
1435 410 1579 477 Lm.
1628 411 1693 495 1,
1750 411 1868 494 12,
1914 411 2028 476 34.

745 615 1003 698 opor-tet?
1045 614 1288 693 Corrige
1312 628 1564 695 ponam.
1648 615 1765 677 Sed
1795 618 1980 694 magis
2007 636 2079 676 eo
2101 617 2408 695 pertinent
2436 617 2720 694 exempla

751 737 910 799 quae
961 725 1253 777 memorat
1303 736 1364 796 p.
1416 717 1524 777 25:
1581 715 1740 777 conf.
1793 716 1954 776 idem
1996 716 2176 797 Epist.
2224 715 2370 777 crit.
2414 715 2492 776 ad
2527 716 2717 778 Orell.

746 841 808 900 p.
860 819 959 880 72.
1012 820 1224 900 Opusc.
1274 839 1334 899 p.
1390 819 1536 895 490,
1591 841 1666 880 ex
1717 819 2050 899 eademque
2099 822 2330 881 ratione
2365 820 2716 880 emendavit

749 921 914 984 Offio.
953 924 1018 999 1,
1060 924 1140 984 20
1158 970 1177 1000 ,
1218 923 1299 985 66
1331 923 1410 983 ad
1446 922 1575 985 Pin.
1606 923 1731 999 111,
1777 922 1889 999 17,
1931 922 2029 984 58.
2056 955 2137 968 —
2167 922 2299 984 Mox
2323 924 2557 983 servavi
2589 925 2715 983 iana

748 1035 890 1087 ante
940 1028 1281 1100 amicitiae,
1340 1047 1461 1086 non
1506 1036 1741 1087 tantum
1775 1028 2141 1106 optimorum
2169 1027 2470 1087 librorum
2503 1036 2713 1088 aucto-

747 1130 961 1206 ritate,
1002 1129 1106 1189 sed
1138 1128 1302 1208 quod
1338 1130 1404 1188 in
1437 1131 1647 1209 primis
1678 1139 1887 1209 aptum
1918 1140 2007 1189 est
2037 1130 2156 1190 hoc
2191 1130 2555 1190 vocabulum
2588 1150 2713 1210 quo

747 1232 1095 1311 designetur
1127 1234 1330 1291 statim
1373 1232 1650 1292 occidere
1684 1232 2009 1292 amicitiam
2027 1279 2046 1309 ,
2086 1232 2269 1292 simul
2301 1252 2372 1293 ac
2406 1233 2708 1292 tantulum

748 1335 931 1395 modo
982 1334 1249 1394 intersit:
1309 1335 1516 1415 itaque
1568 1335 1726 1397 bene
1779 1334 1930 1394 vidit
1973 1335 2237 1395 Handius
2281 1336 2324 1395 T
2328 1336 2529 1396 ursell.
2578 1335 2707 1410 111,

748 1457 810 1516 p.
854 1437 1003 1513 114,
1054 1457 1369 1517 perperam
1405 1439 1608 1499 abiici.
1658 1472 1740 1483 —-
1790 1438 2119 1499 Amicitiae
2150 1458 2360 1497 nomen
2394 1439 2707 1513 occiderit,

745 1541 789 1600 i.
823 1559 879 1601 e.
916 1540 1207 1619 appellari
1240 1560 1311 1601 ea
1344 1542 1607 1601 amicitia
1645 1561 1766 1602 non
1799 1541 2006 1619 possit:
2047 1540 2277 1620 quippe
2311 1560 2432 1620 qua
2464 1541 2709 1602 uteban-

747 1651 851 1702 tur
900 1650 1103 1703 tamen
1155 1642 1470 1722 Epicurei,
1525 1650 1759 1703 servato
1795 1643 1912 1702 hoc
1930 1687 1949 1719 ,
1990 1661 2291 1701 summum
2326 1642 2558 1702 bonum
2589 1663 2707 1704 esse

748 1747 814 1806 in
847 1746 1157 1825 voluptate
1192 1746 1342 1830 (Pin.
1381 1748 1447 1824 1,
1488 1745 1618 1828 20.)

832 1851 1016 1909 simul
1057 1861 1230 1929 atque
1278 1851 1402 1909 sihi
1452 1849 1688 1929 aliquid
1727 1849 1875 1909 alter
1903 1842 2200 1926 maluerit)
2278 1845 2411 1907 Non
2441 1844 2704 1907 dubitavi

752 1952 837 2011 sic
889 1951 1072 2011 edere
1124 1972 1159 2011 e
1201 1951 1362 2011 Voce.
1397 1950 1437 2010 C
1474 1959 1535 2010 et
1567 1951 1808 2028 Lagom.
1842 1949 1942 2009 65.
2024 1947 2223 2008 Prima
2256 1949 2563 2027 corruptio
2594 1948 2707 2009 fuit

748 2054 1020 2129 alteram,
1046 2074 1325 2134 perverse
1350 2054 1623 2113 instituto
1654 2053 1829 2112 initio
1852 2052 2155 2132 sequentis
2177 2051 2385 2112 vocab.
2405 2052 2706 2112 maluerit.-

748 2154 910 2216 hanc
937 2164 1140 2216 secuta
1167 2165 1254 2216 est
1279 2158 1604 2232 correctio,
1638 2156 1819 2215 modo
1852 2156 2125 2227 alterum,
2154 2155 2336 2217 modo
2352 2157 2563 2231 σῖτον-ἱ,
2581 2165 2707 2216 tum

750 2258 819 2318 in
870 2257 1271 2318 deterioribus
1314 2256 1498 2318 Codd.
1518 2304 1537 2333 ,
1596 2277 1719 2336 quo
1761 2257 2021 2337 syntaxis
2055 2264 2380 2331 constaret,
2421 2258 2706 2317 insertum

753 2382 931 2441 quam
949 2407 968 2437 ,
1024 2360 1188 2441 quod
1235 2382 1269 2421 a
1320 2362 1495 2422 bonis
1543 2360 1826 2421 omnihus
1867 2359 2039 2419 libris
2074 2360 2257 2420 abest.
2340 2359 2471 2420 Non
2503 2361 2708 2439 ignoro

753 2465 946 2526 alicui
997 2465 1145 2545 quid
1194 2464 1336 2525 velle
1389 2463 1669 2524 Latinum
1722 2483 1877 2540 esse,
1932 2463 2087 2523 sicut
2137 2462 2373 2525 Cluent.
2409 2463 2519 2541 66,
2564 2463 2707 2541 188,

752 2568 971 2627 malum
998 2570 1189 2629 alicui
1216 2569 1390 2628 velle:
1426 2568 1504 2628 ad
1521 2569 1702 2629 Attio.
1722 2566 1840 2643 XV,
1867 2566 1906 2627 3
1924 2613 1942 2642 ,
1970 2567 2009 2627 2
2028 2614 2045 2642 ,
2080 2566 2348 2637 Antonio
2385 2568 2515 2627 volo
2535 2570 2710 2648 peius

751 2693 900 2731 esse.-
957 2679 1090 2730 tum
1136 2670 1441 2732 diversum
1495 2679 1618 2746 est,
1677 2670 1844 2750 quod
1887 2669 2084 2730 fertur
2126 2670 2194 2729 iu
2239 2669 2402 2732 Offic.
2455 2671 2581 2745 111,
2632 2674 2709 2744 5,

751 2774 867 2850 22,
907 2774 1031 2834 sihi
1062 2786 1128 2833 ut
1160 2777 1406 2854 quisque
1432 2776 1605 2834 malit
1639 2796 1817 2854 quam
1841 2775 2017 2834 alteri
2051 2776 2385 2854 acquirere.-
2426 2775 2534 2834 ubi
2551 2773 2709 2833 Beie-

751 2897 857 2937 rus
905 2877 1091 2936 huius
1120 2878 1240 2938 loci
1295 2879 1612 2942 immemor
1660 2877 1798 2938 fuit.
1880 2876 1997 2938 Sed
2031 2878 2136 2937 ubi
2172 2898 2284 2957 per
2314 2898 2378 2938 se
2410 2878 2574 2939 idem
2602 2879 2708 2951 sit,

752 2981 917 3060 quod
972 2981 1232 3041 alicuius
1282 3003 1462 3042 causa
1513 2982 1656 3041 velle
1683 3027 1697 3055 ,
1753 2982 1894 3041 hene
1943 2982 2088 3042 velle
2106 3028 2124 3058 ‚
2162 3001 2464 3061 nusquam
2505 2981 2708 3062 depre-

749 3082 963 3144 hendi:
996 3103 1110 3143 nec
1126 3130 1145 3158 ,
1173 3084 1337 3163 quod
1366 3093 1764 3145 memoratum
1794 3084 1952 3161 vidi,
1983 3085 2303 3146 obiicietur
2322 3086 2491 3146 velut
2517 3105 2708 3147 exem-

750 3187 926 3266 plum
975 3186 1052 3246 ad
1087 3187 1266 3249 Attio.
1301 3187 1379 3247 vl
1396 3234 1415 3264 ,
1456 3189 1528 3264 7,
1568 3189 1647 3264 2,
1688 3188 1893 3270 (plane
1927 3189 2057 3249 volo
2098 3190 2192 3250 Ιιίε
2221 3188 2705 3272 magistratibus).

751 3290 870 3349 Sed
918 3290 1154 3368 integra
1189 3291 1489 3351 sententia
1523 3300 1613 3352 est
1646 3293 1711 3351 in
1740 3312 1812 3353 ea
1845 3293 2106 3353 lectione
2140 3313 2321 3372 quam
2357 3294 2706 3372 recepimus.

750 3392 847 3453 Sic
867 3392 996 3452 Fin.
1014 3393 1133 3469 111,
1163 3392 1272 3470 21,
1302 3393 1383 3455 70
1399 3441 1418 3470 ,
1446 3394 1571 3454 sibi
1599 3397 1812 3474 cuique
1848 3399 2132 3456 cariorem
2160 3393 2492 3477 (rationem)
2518 3415 2704 3454 mam.

834 3496 934 3553 ius
961 3497 1030 3554 in
1065 3508 1281 3557 natura
1315 3518 1437 3557 eme
1458 3496 1747 3579 positum)
1826 3497 1972 3560 Mira
2004 3518 2245 3577 prorsus
2281 3498 2592 3560 Goerenzii
2624 3504 2714 3557 est

755 3598 1098 3676 praeceptio
1112 3643 1132 3673 ,
1171 3619 1267 3659 res
1290 3621 1448 3680 quae
1480 3602 1601 3660 sint
1635 3602 1701 3661 in
1726 3610 1943 3662 natura
1973 3599 2257 3683 (debebat
2279 3601 2486 3663 dicere
2502 3648 2520 3679 ,
2560 3620 2714 3681 quae

763 3707 979 3760 natura
1008 3698 1187 3782 sint),
1227 3703 1430 3763 minus
1473 3712 1641 3765 recte
1664 3707 1896 3785 positae
1930 3704 2075 3766 dici.
2153 3705 2288 3785 Ipse
2322 3714 2523 3765 tamen
2544 3706 2715 3765 ,locu-

763 3804 944 3864 tionis
968 3806 1313 3885 exemplum
1338 3807 1537 3889 adfert
1573 3809 1732 3868 Orat.
1768 3809 1797 3867 1
1819 3854 1836 3884 ‚
1878 3807 1951 3868 21
1975 3854 1993 3885 ,
2036 3808 2143 3869 94:
2187 3817 2249 3868 et
2280 3809 2373 3868 bis
2402 3810 2485 3868 ita
2514 3794 2718 3868 Cicero

766 3906 894 3967 Fin.
924 3908 1052 3984 111,
1093 3910 1167 3987 6,
1209 3908 1309 3972 21.
1342 3911 1501 3973 cons.
1539 3911 1688 3971 ibid.
1726 3911 1827 3987 IV,
1881 3912 1992 3986 12,
2032 3910 2132 3972 31.
2167 3910 2332 3973 Offic.
2366 3912 2432 3987 1,
2464 3910 2581 3986 28,
2616 3911 2716 3971 fin.

845 4010 986 4072 haec
1029 4015 1218 4073 omm‘s
1260 4027 1343 4073 est
1385 4026 1528 4076 nata
1576 4012 1788 4096 oratio)
1875 4015 2048 4075 Nunc
2100 4023 2250 4095 putu
2288 4015 2508 4077 melius
2541 4015 2718 4076 scribi

761 4123 901 4170 nala
941 4124 1042 4171 ese.
