3131 5032
1657 472 1751 547 92

575 702 663 757 π.
750 740 756 756 2
829 689 1173 782 Sequitur
1207 688 1434 757 enim:
1482 688 1636 757 eius
1668 682 1948 759 decreta
1982 702 2144 758 rata
2175 704 2403 761 sunto.
2501 692 2683 766 Nam

729 803 829 877 ita
856 828 934 877 se
971 829 1087 877 res
1121 802 1380 896 habet,
1426 817 1509 877 ut
1542 808 1603 877 si
1627 817 1917 879 senatus
1943 804 2280 883 dominus
2300 812 2394 881 sit
2415 809 2690 909 publici

728 923 1040 1015 consilii,
1089 925 1438 1024 quodque
1492 927 1552 998 is
1594 928 1900 998 creverit
1947 924 2340 1001 defendant
2396 953 2686 1021 omnes,

727 1055 801 1117 et
826 1046 886 1115 si
918 1026 1212 1117 ordines
1239 1043 1499 1141 reliqui
1520 1046 1871 1144 principis
1888 1042 2166 1117 ordinis
2196 1045 2501 1149 oonsilio
2528 1072 2685 1122 rem

726 1161 1093 1260 publicam
1144 1162 1537 1261 gubernari
1585 1162 1837 1253 velint,
1906 1167 2131 1264 possit
2187 1188 2277 1237 ex
2327 1177 2686 1265 tempera-

724 1285 922 1355 tione
958 1286 1171 1374 iuriS,
1206 1306 1435 1380 quum
1473 1295 1790 1382 potestas
1827 1284 1907 1353 in
1947 1282 2257 1383 populo,
2294 1290 2685 1360 auctoritas

721 1404 797 1473 in
850 1415 1108 1476 senatu
1154 1406 1274 1495 sit,
1332 1404 1562 1474 teneri
1618 1400 1737 1473 ille
1787 1400 2203 1475 moderatus
2249 1417 2323 1476 et
2370 1428 2680 1479 concors

721 1523 1027 1596 civitatis
1070 1536 1332 1614 statuS,
1384 1525 1807 1622 praesertim
1856 1524 1921 1594 si
1969 1526 2339 1621 proximae
2370 1524 2513 1624 legi
2551 1549 2681 1625 pa-

719 1642 1023 1716 rebitur.

816 1765 999 1836 Nam
1034 1765 1445 1863 proximum
1481 1772 1618 1833 est:
1670 1762 1736 1832 is
1771 1758 1941 1833 ordo
1978 1763 2141 1833 vitto
2175 1776 2413 1840 carelo
2428 1816 2453 1851 ,
2501 1777 2682 1835 cete·

718 1883 821 1953 ris
845 1884 1197 1979 specimen
1232 1896 1400 1953 esto.
1497 1882 1587 1971 Q.
1610 1879 1976 1954 Praeclara
2001 1904 2175 1953 vero
2189 1933 2211 1972 ,
2246 1879 2501 1972 frater,
2541 1885 2679 1958 ista

715 1998 833 2072 lex
860 2013 921 2071 ¹:
977 1999 1106 2073 sed
1155 1999 1469 2073 declarat
1512 2012 1589 2072 et
1624 2010 1653 2050 ²
1701 2013 1786 2070 ut
1817 2003 2004 2072 ‘vitio
2050 2016 2288 2074 careat
2324 2001 2541 2094 ordo,
2589 2017 2678 2076 ut

559 2145 649 2203 29.
717 2143 1095 2193 censorem
1147 2132 1445 2216 quaerat
1470 2131 1496 2171 ⁸
1547 2121 2042 2219 interpretem.
2141 2124 2287 2194 Att.
2328 2121 2456 2196 Ille
2495 2146 2672 2196 vero

714 2243 872 2313 etsi.
898 2253 1070 2313 tuus
1115 2252 1315 2312 totus
1364 2251 1473 2312 est
1510 2249 1539 2291 ⁴
1589 2236 1808 2329 ordo,
1853 2242 2474 2340 gratissimamque
2521 2265 2673 2314 me-

712 2360 1016 2431 moriam
1051 2361 1317 2430 retinet
1349 2355 1765 2430 consulatus
1797 2359 1935 2447 tui,
1970 2380 2146 2457 pace
2177 2370 2304 2431 tua
2335 2357 2673 2453 dixerim,

708 2501 859 2552 non
886 2477 1105 2552 modo
1122 2500 1495 2568 censores,
1530 2474 1659 2549 sed
1692 2478 1908 2550 etiam
1937 2473 2210 2550 iudices
2232 2501 2487 2554 omnes
2504 2493 2670 2580 pot-

709 2609 820 2670 est
881 2594 1293 2696 defatigare.
1400 2599 1500 2667 Μ.
1561 2596 1838 2667 Omitte
1890 2596 2028 2668 ista
2048 2646 2071 2686 ,
2137 2600 2394 2671 Attice.
2502 2602 2671 2673 Non

706 2719 905 2790 enim
948 2716 1041 2789 de
1091 2714 1238 2790 hoc
1275 2726 1562 2804 senatu,
1611 2737 1751 2785 nec
1785 2711 1900 2785 his
1933 2711 2027 2786 de
2062 2712 2487 2792 hominibus
2538 2723 2670 2818 qui

705 2859 905 2910 nunc
950 2850 1150 2926 sunt,
1200 2832 1329 2908 sed
1371 2831 1465 2907 de
1514 2830 1810 2924 futuriS,
1860 2835 1924 2905 si
1956 2837 2088 2930 qui
2117 2831 2306 2908 forte
2338 2835 2453 2910 his
2483 2837 2663 2938 legi-

698 2953 839 3029 bus
868 2979 1121 3056 parere
1152 2954 1546 3045 voluerint,
1579 2952 1761 3027 haec
1791 2950 2106 3026 habetur
2138 2959 2393 3029 oratio.
2473 2960 2658 3033 Nam

697 3099 933 3174 quum
967 3076 1171 3147 omni
1191 3077 1370 3146 vitio
1396 3097 1639 3147 carere
1660 3072 1777 3145 lex
1795 3071 2076 3162 iubeat,
2118 3097 2212 3147 ne
2233 3079 2476 3151 veniet
2497 3082 2661 3176 qui·

696 3192 868 3267 dem
907 3199 985 3265 in
1033 3218 1202 3268 eum
1239 3192 1572 3266 ordinem
1617 3196 2009 3291 quisquam
2056 3196 2213 3266 vitii
2256 3201 2661 3298 particeps:

697 3311 775 3385 id
809 3325 1050 3386 autem
1092 3310 1382 3385 difficile
1413 3311 1611 3386 factu
1649 3325 1787 3404 est,
1837 3316 1975 3385 nisi
2013 3311 2444 3390 educatione
2477 3342 2660 3416 qua-

697 3431 867 3506 dam
908 3445 981 3507 et
1031 3431 1440 3533 disciplina,
1489 3431 1582 3506 de
1627 3457 1776 3531 qua
1817 3432 2145 3507 dicemus
2184 3433 2460 3532 aliquid
2507 3435 2660 3511 sor-

539 3574 628 3632 30.
697 3567 884 3628 tasse
918 3557 982 3625 si
1019 3550 1198 3651 quid
1223 3550 1445 3625 fuerit
1471 3552 1615 3626 loci
1644 3565 1768 3626 aut
1793 3555 2165 3653 temporis.
2245 3558 2391 3627 Att.
2416 3560 2657 3630 Locus

694 3687 889 3750 certe
926 3698 1075 3747 non
1116 3671 1378 3764 deerit,
1411 3676 1762 3771 quoniam
1788 3685 1993 3745 tenes
2019 3671 2355 3746 ordinem
2378 3675 2653 3774 legum:

695 3809 985 3894 tempus
1011 3817 1186 3866 vero
1217 3792 1521 3891 largitur
1546 3790 1927 3890 longitudo
1956 3790 2124 3866 diei.
2197 3798 2350 3894 Ego
2376 3810 2653 3889 autem,

694 3919 911 3988 etiam
976 3916 1038 3985 si
1105 3914 1591 4013 praeterieris,
1662 3925 1983 4013 repetam
2042 3937 2085 3987 a
2143 3926 2219 3987 te
2276 3918 2500 3989 istum
2557 3916 2652 3991 de

750 4181 1026 4237 ¹lexat.
1097 4178 1648 4250 ’todothtepntet-
1720 4183 2256 4252 θοιοοαιφηοήι.
2325 4188 2658 4243 numm..
