<?xml version="1.0" encoding="UTF-8"?>
<!DOCTYPE html PUBLIC "-//W3C//DTD XHTML 1.0 Transitional//EN"
    "http://www.w3.org/TR/xhtml1/DTD/xhtml1-transitional.dtd">
<html xmlns="http://www.w3.org/1999/xhtml" xml:lang="en" lang="en">
 <head>
  <title>
</title>
<meta http-equiv="Content-Type" content="text/html;charset=utf-8" />
  <meta name='ocr-system' content='tesseract 3.04.00' />
  <meta name='ocr-capabilities' content='ocr_page ocr_carea ocr_par ocr_line ocrx_word'/>
</head>
<body>
  <div class='ocr_page' id='page_1' title='image "./mtulliiciceroni02bakegoog_0053.png"; bbox 0 0 3131 5032; ppageno 0'>
   <div class='ocr_carea' id='block_1_1' title="bbox 738 483 973 541">
    <p class='ocr_par' dir='ltr' id='par_1_1' title="bbox 738 483 973 541">
     <span class='ocr_line' id='line_1_1' title="bbox 738 483 973 541; baseline -0.009 0"><span class='ocrx_word' id='word_1_1' title='bbox 738 500 876 541; x_wconf 78' lang='lat' dir='ltr'><strong>xxn</strong></span> <span class='ocrx_word' id='word_1_2' title='bbox 964 483 973 491; x_wconf 87' lang='lat'><strong>‘</strong></span> 
     </span>
    </p>
   </div>
   <div class='ocr_carea' id='block_1_2' title="bbox 740 687 2719 1225">
    <p class='ocr_par' dir='ltr' id='par_1_2' title="bbox 742 687 2719 887">
     <span class='ocr_line' id='line_1_2' title="bbox 742 687 2719 777; baseline 0.002 -26"><span class='ocrx_word' id='word_1_3' title='bbox 742 689 1004 769; x_wconf 61' lang='lat' dir='ltr'><strong>pellenti</strong></span> <span class='ocrx_word' id='word_1_4' title='bbox 1052 711 1129 751; x_wconf 77' lang='lat' dir='ltr'><strong>ao</strong></span> <span class='ocrx_word' id='word_1_5' title='bbox 1177 689 1531 777; x_wconf 73' lang='lat' dir='ltr'><em>singulari</em></span> <span class='ocrx_word' id='word_1_6' title='bbox 1580 710 1708 752; x_wconf 77' lang='lat' dir='ltr'><strong>mm</strong></span> <span class='ocrx_word' id='word_1_7' title='bbox 1756 687 1971 751; x_wconf 75' lang='lat' dir='ltr'><strong>multo</strong></span> <span class='ocrx_word' id='word_1_8' title='bbox 2010 688 2175 772; x_wconf 73' lang='lat' dir='ltr'><strong>plu-5</strong></span> <span class='ocrx_word' id='word_1_9' title='bbox 2205 710 2411 773; x_wconf 77' lang='lat' dir='ltr'><strong>quam</strong></span> <span class='ocrx_word' id='word_1_10' title='bbox 2443 700 2719 755; x_wconf 71' lang='lat' dir='ltr'><strong>nostrae</strong></span> 
     </span>
     <span class='ocr_line' id='line_1_3' title="bbox 749 798 1875 887; baseline -0.002 -21"><span class='ocrx_word' id='word_1_11' title='bbox 749 798 1198 887; x_wconf 84' lang='lat' dir='ltr'>(eloquentiae)</span> <span class='ocrx_word' id='word_1_12' title='bbox 1246 800 1562 864; x_wconf 75' lang='lat' dir='ltr'><strong>relictum</strong></span> <span class='ocrx_word' id='word_1_13' title='bbox 1596 810 1694 862; x_wconf 81' lang='lat' dir='ltr'><strong>eet</strong></span> <span class='ocrx_word' id='word_1_14' title='bbox 1730 799 1875 865; x_wconf 73' lang='lat' dir='ltr'><strong>loci.</strong></span> 
     </span>
    </p>

    <p class='ocr_par' dir='ltr' id='par_1_3' title="bbox 740 908 2714 1225">
     <span class='ocr_line' id='line_1_4' title="bbox 740 908 2714 1000; baseline 0.002 -24"><span class='ocrx_word' id='word_1_15' title='bbox 740 979 762 992; x_wconf 48' lang='lat'><strong>„</strong></span> <span class='ocrx_word' id='word_1_16' title='bbox 830 914 997 979; x_wconf 87' lang='lat' dir='ltr'><strong>Haec</strong></span> <span class='ocrx_word' id='word_1_17' title='bbox 1040 910 1090 978; x_wconf 83' lang='lat' dir='ltr'><strong>si</strong></span> <span class='ocrx_word' id='word_1_18' title='bbox 1134 911 1527 1000; x_wconf 83' lang='lat' dir='ltr'>probantur,</span> <span class='ocrx_word' id='word_1_19' title='bbox 1588 909 1867 978; x_wconf 82' lang='lat' dir='ltr'><strong>seribere</strong></span> <span class='ocrx_word' id='word_1_20' title='bbox 1909 908 2187 998; x_wconf 80' lang='lat' dir='ltr'><strong>coepisse</strong></span> <span class='ocrx_word' id='word_1_21' title='bbox 2216 908 2580 978; x_wconf 75' lang='lat' dir='ltr'><strong>Ciceronem</strong></span> <span class='ocrx_word' id='word_1_22' title='bbox 2625 912 2714 979; x_wconf 88' lang='lat' dir='ltr'><strong>de</strong></span> 
     </span>
     <span class='ocr_line' id='line_1_5' title="bbox 743 1020 2709 1114; baseline 0.001 -25"><span class='ocrx_word' id='word_1_23' title='bbox 743 1024 1014 1113; x_wconf 79' lang='lat' dir='ltr'><strong>Legibus</strong></span> <span class='ocrx_word' id='word_1_24' title='bbox 1037 1024 1114 1091; x_wconf 79' lang='lat' dir='ltr'><strong>A.</strong></span> <span class='ocrx_word' id='word_1_25' title='bbox 1135 1028 1299 1104; x_wconf 88' lang='grc'>702,</span> <span class='ocrx_word' id='word_1_26' title='bbox 1336 1022 1642 1113; x_wconf 90' lang='lat' dir='ltr'><strong>Pompeio</strong></span> <span class='ocrx_word' id='word_1_27' title='bbox 1667 1022 1763 1088; x_wconf 92' lang='lat'><strong>111</strong></span> <span class='ocrx_word' id='word_1_28' title='bbox 1789 1024 1960 1101; x_wconf 81' lang='lat' dir='ltr'><strong>cos.‚</strong></span> <span class='ocrx_word' id='word_1_29' title='bbox 1992 1020 2060 1087; x_wconf 88' lang='lat' dir='ltr'><strong>in</strong></span> <span class='ocrx_word' id='word_1_30' title='bbox 2098 1036 2361 1110; x_wconf 88' lang='lat' dir='ltr'><strong>promtu</strong></span> <span class='ocrx_word' id='word_1_31' title='bbox 2396 1036 2494 1090; x_wconf 81' lang='lat' dir='ltr'><strong>est</strong></span> <span class='ocrx_word' id='word_1_32' title='bbox 2527 1044 2709 1114; x_wconf 79' lang='lat' dir='ltr'><strong>repe-</strong></span> 
     </span>
     <span class='ocr_line' id='line_1_6' title="bbox 741 1132 2714 1225; baseline 0.001 -23"><span class='ocrx_word' id='word_1_33' title='bbox 741 1135 864 1202; x_wconf 87' lang='lat' dir='ltr'><strong>rire</strong></span> <span class='ocrx_word' id='word_1_34' title='bbox 909 1159 1034 1225; x_wconf 88' lang='lat' dir='ltr'><strong>qua</strong></span> <span class='ocrx_word' id='word_1_35' title='bbox 1089 1135 1176 1202; x_wconf 89' lang='lat' dir='ltr'><strong>de</strong></span> <span class='ocrx_word' id='word_1_36' title='bbox 1198 1203 1203 1208; x_wconf 82' lang='grc'><strong>,</strong></span> <span class='ocrx_word' id='word_1_37' title='bbox 1224 1157 1410 1203; x_wconf 83' lang='lat' dir='ltr'><strong>causa</strong></span> <span class='ocrx_word' id='word_1_38' title='bbox 1461 1157 1597 1203; x_wconf 90' lang='lat' dir='ltr'><strong>non</strong></span> <span class='ocrx_word' id='word_1_39' title='bbox 1649 1133 2012 1215; x_wconf 52' lang='lat' dir='ltr'><strong>absolverim</strong></span> <span class='ocrx_word' id='word_1_40' title='bbox 2059 1132 2108 1201; x_wconf 80' lang='lat' dir='ltr'><strong>si</strong></span> <span class='ocrx_word' id='word_1_41' title='bbox 2141 1133 2412 1224; x_wconf 87' lang='lat' dir='ltr'><strong>quidem</strong></span> <span class='ocrx_word' id='word_1_42' title='bbox 2453 1149 2714 1225; x_wconf 84' lang='lat' dir='ltr'><strong>praeter</strong></span> 
     </span>
    </p>
   </div>
   <div class='ocr_carea' id='block_1_3' title="bbox 616 1247 2709 1338">
    <p class='ocr_par' dir='ltr' id='par_1_4' title="bbox 616 1247 2709 1338">
     <span class='ocr_line' id='line_1_7' title="bbox 616 1247 2709 1338; baseline -0.001 -22"><span class='ocrx_word' id='word_1_43' title='bbox 616 1296 621 1297; x_wconf 25' lang='lat' dir='ltr'><em>ff</em></span> <span class='ocrx_word' id='word_1_44' title='bbox 737 1247 1272 1336; x_wconf 77' lang='lat' dir='ltr'><strong>exspectationem</strong></span> <span class='ocrx_word' id='word_1_45' title='bbox 1316 1261 1385 1314; x_wconf 88' lang='lat' dir='ltr'><strong>et</strong></span> <span class='ocrx_word' id='word_1_46' title='bbox 1427 1259 1681 1336; x_wconf 88' lang='lat' dir='ltr'><strong>praeter</strong></span> <span class='ocrx_word' id='word_1_47' title='bbox 1715 1268 1895 1336; x_wconf 88' lang='lat' dir='ltr'><strong>spem</strong></span> <span class='ocrx_word' id='word_1_48' title='bbox 1927 1268 2196 1336; x_wconf 73' lang='lat' dir='ltr'><strong>sequens</strong></span> <span class='ocrx_word' id='word_1_49' title='bbox 2229 1269 2438 1314; x_wconf 82' lang='lat' dir='ltr'><strong>annus</strong></span> <span class='ocrx_word' id='word_1_50' title='bbox 2466 1248 2525 1314; x_wconf 88' lang='lat' dir='ltr'><strong>ei</strong></span> <span class='ocrx_word' id='word_1_51' title='bbox 2558 1270 2709 1338; x_wconf 85' lang='lat' dir='ltr'><strong>pro-</strong></span> 
     </span>
    </p>
   </div>
   <div class='ocr_carea' id='block_1_4' title="bbox 720 1357 2796 4243">
    <p class='ocr_par' dir='ltr' id='par_1_5' title="bbox 727 1357 2796 3235">
     <span class='ocr_line' id='line_1_8' title="bbox 734 1357 2710 1448; baseline 0.005 -27"><span class='ocrx_word' id='word_1_52' title='bbox 734 1358 980 1426; x_wconf 81' lang='lat' dir='ltr'><strong>vinciae</strong></span> <span class='ocrx_word' id='word_1_53' title='bbox 1030 1358 1574 1427; x_wconf 81' lang='lat' dir='ltr'><strong>administrandae</strong></span> <span class='ocrx_word' id='word_1_54' title='bbox 1626 1358 2067 1426; x_wconf 69' lang='lat' dir='ltr'><strong>necessitatffln</strong></span> <span class='ocrx_word' id='word_1_55' title='bbox 2128 1357 2453 1448; x_wconf 81' lang='lat' dir='ltr'><strong>imposuit.</strong></span> <span class='ocrx_word' id='word_1_56' title='bbox 2563 1362 2710 1443; x_wconf 87' lang='lat' dir='ltr'><strong>Quo</strong></span> 
     </span>
     <span class='ocr_line' id='line_1_9' title="bbox 736 1468 2705 1563; baseline 0.002 -28"><span class='ocrx_word' id='word_1_57' title='bbox 736 1470 877 1539; x_wconf 90' lang='lat' dir='ltr'><strong>loco</strong></span> <span class='ocrx_word' id='word_1_58' title='bbox 925 1493 1061 1539; x_wconf 89' lang='lat' dir='ltr'><strong>non</strong></span> <span class='ocrx_word' id='word_1_59' title='bbox 1104 1468 1489 1563; x_wconf 77' lang='lat' dir='ltr'><strong>negligenda</strong></span> <span class='ocrx_word' id='word_1_60' title='bbox 1533 1494 1605 1539; x_wconf 88' lang='lat' dir='ltr'><strong>ea</strong></span> <span class='ocrx_word' id='word_1_61' title='bbox 1649 1484 1803 1538; x_wconf 85' lang='lat' dir='ltr'><strong>sunt</strong></span> <span class='ocrx_word' id='word_1_62' title='bbox 1823 1520 1841 1551; x_wconf 91' lang='lat'><strong>,</strong></span> <span class='ocrx_word' id='word_1_63' title='bbox 1887 1493 2057 1560; x_wconf 84' lang='lat' dir='ltr'><strong>quae</strong></span> <span class='ocrx_word' id='word_1_64' title='bbox 2087 1469 2366 1539; x_wconf 84' lang='lat' dir='ltr'><strong>breviter</strong></span> <span class='ocrx_word' id='word_1_65' title='bbox 2399 1471 2665 1561; x_wconf 88' lang='lat' dir='ltr'><strong>quidem</strong></span> <span class='ocrx_word' id='word_1_66' title='bbox 2686 1521 2705 1550; x_wconf 84' lang='lat'><strong>,</strong></span> 
     </span>
     <span class='ocr_line' id='line_1_10' title="bbox 733 1582 2706 1675; baseline -0.001 -22"><span class='ocrx_word' id='word_1_67' title='bbox 733 1585 846 1653; x_wconf 86' lang='lat' dir='ltr'><strong>sed</strong></span> <span class='ocrx_word' id='word_1_68' title='bbox 896 1607 1032 1653; x_wconf 89' lang='lat' dir='ltr'><strong>non</strong></span> <span class='ocrx_word' id='word_1_69' title='bbox 1083 1583 1221 1651; x_wconf 82' lang='lat' dir='ltr'><strong>sine</strong></span> <span class='ocrx_word' id='word_1_70' title='bbox 1275 1584 1451 1675; x_wconf 76' lang='lat' dir='ltr'><strong>gravi</strong></span> <span class='ocrx_word' id='word_1_71' title='bbox 1496 1582 1972 1674; x_wconf 68' lang='lat' dir='ltr'><strong>,significatione</strong></span> <span class='ocrx_word' id='word_1_72' title='bbox 2021 1606 2059 1650; x_wconf 86' lang='lat' dir='ltr'><strong>a</strong></span> <span class='ocrx_word' id='word_1_73' title='bbox 2108 1582 2407 1651; x_wconf 87' lang='lat' dir='ltr'><strong>Cicerone</strong></span> <span class='ocrx_word' id='word_1_74' title='bbox 2451 1586 2543 1650; x_wconf 89' lang='lat'><strong>111</strong></span> <span class='ocrx_word' id='word_1_75' title='bbox 2562 1634 2581 1664; x_wconf 92' lang='lat'><strong>,</strong></span> <span class='ocrx_word' id='word_1_76' title='bbox 2629 1589 2706 1663; x_wconf 85' lang='lat'><strong>8,</strong></span> 
     </span>
     <span class='ocr_line' id='line_1_11' title="bbox 741 1693 2710 1787; baseline 0 -24"><span class='ocrx_word' id='word_1_77' title='bbox 741 1703 845 1765; x_wconf 80' lang='lat'><strong>18.</strong></span> <span class='ocrx_word' id='word_1_78' title='bbox 898 1720 999 1786; x_wconf 69' lang='lat' dir='ltr'><strong>sq.</strong></span> <span class='ocrx_word' id='word_1_79' title='bbox 1045 1696 1377 1764; x_wconf 80' lang='lat' dir='ltr'><strong>dicuntur.</strong></span> <span class='ocrx_word' id='word_1_80' title='bbox 1489 1696 1564 1763; x_wconf 87' lang='lat' dir='ltr'><em>N</em></span> <span class='ocrx_word' id='word_1_81' title='bbox 1558 1698 1699 1762; x_wconf 74' lang='lat' dir='ltr'><strong>obis</strong></span> <span class='ocrx_word' id='word_1_82' title='bbox 1748 1721 1898 1762; x_wconf 80' lang='lat' dir='ltr'><strong>vero</strong></span> <span class='ocrx_word' id='word_1_83' title='bbox 1937 1698 2161 1784; x_wconf 79' lang='lat' dir='ltr'><strong>placet</strong></span> <span class='ocrx_word' id='word_1_84' title='bbox 2214 1695 2326 1787; x_wconf 87' lang='lat' dir='ltr'><strong>(de</strong></span> <span class='ocrx_word' id='word_1_85' title='bbox 2368 1693 2710 1784; x_wconf 78' lang='lat' dir='ltr'><strong>provinciis</strong></span> 
     </span>
     <span class='ocr_line' id='line_1_12' title="bbox 734 1806 2706 1897; baseline -0.001 -22"><span class='ocrx_word' id='word_1_86' title='bbox 734 1806 1108 1896; x_wconf 83' lang='lat' dir='ltr'><strong>decedere),</strong></span> <span class='ocrx_word' id='word_1_87' title='bbox 1161 1807 1380 1897; x_wconf 89' lang='lat' dir='ltr'><strong>inquit</strong></span> <span class='ocrx_word' id='word_1_88' title='bbox 1410 1808 1698 1879; x_wconf 76' lang='lat' dir='ltr'><strong>Atticus:</strong></span> <span class='ocrx_word' id='word_1_89' title='bbox 1746 1809 1863 1873; x_wconf 76' lang='lat' dir='ltr'><strong>eod</strong></span> <span class='ocrx_word' id='word_1_90' title='bbox 1900 1812 2031 1888; x_wconf 72' lang='lat' dir='ltr'><strong>iic,</strong></span> <span class='ocrx_word' id='word_1_91' title='bbox 2076 1811 2198 1894; x_wconf 76' lang='lat' dir='ltr'><strong>qui</strong></span> <span class='ocrx_word' id='word_1_92' title='bbox 2229 1812 2307 1873; x_wconf 73' lang='lat' dir='ltr'><strong>in</strong></span> <span class='ocrx_word' id='word_1_93' title='bbox 2329 1812 2706 1896; x_wconf 74' lang='lat' dir='ltr'><strong>provinciis</strong></span> 
     </span>
     <span class='ocr_line' id='line_1_13' title="bbox 733 1919 2707 2007; baseline -0.001 -21"><span class='ocrx_word' id='word_1_94' title='bbox 733 1935 929 2001; x_wconf 76' lang='lat' dir='ltr'><strong>eunt,</strong></span> <span class='ocrx_word' id='word_1_95' title='bbox 967 1924 1250 1985; x_wconf 74' lang='lat' dir='ltr'><strong>minime</strong></span> <span class='ocrx_word' id='word_1_96' title='bbox 1270 1921 1516 2007; x_wconf 81' lang='lat' dir='ltr'><strong>placet.</strong></span> <span class='ocrx_word' id='word_1_97' title='bbox 1577 1921 1674 1987; x_wconf 65' lang='lat' dir='ltr'><strong>M.</strong></span> <span class='ocrx_word' id='word_1_98' title='bbox 1709 1922 1809 1988; x_wconf 77' lang='lat' dir='ltr'><strong>At</strong></span> <span class='ocrx_word' id='word_1_99' title='bbox 1838 1943 2022 1999; x_wconf 79' lang='lat' dir='ltr'><strong>vero,</strong></span> <span class='ocrx_word' id='word_1_100' title='bbox 2063 1919 2245 2002; x_wconf 76' lang='lat' dir='ltr'><strong>Tite,</strong></span> <span class='ocrx_word' id='word_1_101' title='bbox 2281 1924 2350 1986; x_wconf 75' lang='lat' dir='ltr'><strong>ei</strong></span> <span class='ocrx_word' id='word_1_102' title='bbox 2369 1921 2707 2007; x_wconf 73' lang='lat' dir='ltr'><strong>parebunt</strong></span> 
     </span>
     <span class='ocr_line' id='line_1_14' title="bbox 732 2029 2708 2121; baseline -0.001 -24"><span class='ocrx_word' id='word_1_103' title='bbox 732 2034 842 2098; x_wconf 65' lang='lat' dir='ltr'><strong>lais</strong></span> <span class='ocrx_word' id='word_1_104' title='bbox 878 2032 1175 2121; x_wconf 75' lang='lat' dir='ltr'><strong>legibue,</strong></span> <span class='ocrx_word' id='word_1_105' title='bbox 1212 2031 1401 2096; x_wconf 70' lang='lat' dir='ltr'><strong>nihil</strong></span> <span class='ocrx_word' id='word_1_106' title='bbox 1431 2035 1568 2095; x_wconf 80' lang='lat' dir='ltr'><strong>erit</strong></span> <span class='ocrx_word' id='word_1_107' title='bbox 1603 2031 1713 2095; x_wconf 67' lang='lat' dir='ltr'><strong>leis</strong></span> <span class='ocrx_word' id='word_1_108' title='bbox 1744 2031 1942 2109; x_wconf 80' lang='lat' dir='ltr'><strong>urbe,</strong></span> <span class='ocrx_word' id='word_1_109' title='bbox 1974 2030 2164 2095; x_wconf 66' lang='lat' dir='ltr'><strong>nihil</strong></span> <span class='ocrx_word' id='word_1_110' title='bbox 2184 2029 2372 2095; x_wconf 84' lang='lat' dir='ltr'><strong>domo</strong></span> <span class='ocrx_word' id='word_1_111' title='bbox 2397 2054 2527 2095; x_wconf 72' lang='lat' dir='ltr'><strong>cua</strong></span> <span class='ocrx_word' id='word_1_112' title='bbox 2550 2029 2708 2096; x_wconf 68' lang='lat' dir='ltr'><strong>dul-</strong></span> 
     </span>
     <span class='ocr_line' id='line_1_15' title="bbox 727 2140 2706 2229; baseline 0 -20"><span class='ocrx_word' id='word_1_113' title='bbox 727 2147 909 2222; x_wconf 66' lang='grc' dir='ltr'><strong><em>σίνε,</em></strong></span> <span class='ocrx_word' id='word_1_114' title='bbox 955 2166 1070 2208; x_wconf 78' lang='lat' dir='ltr'><strong>nec</strong></span> <span class='ocrx_word' id='word_1_115' title='bbox 1122 2143 1524 2207; x_wconf 73' lang='lat' dir='ltr'><strong>labori-mim</strong></span> <span class='ocrx_word' id='word_1_116' title='bbox 1579 2143 2053 2228; x_wconf 65' lang='lat' dir='ltr'><strong>molerem-tque</strong></span> <span class='ocrx_word' id='word_1_117' title='bbox 2092 2145 2470 2229; x_wconf 77' lang='lat' dir='ltr'><strong>provincia.</strong></span> <span class='ocrx_word' id='word_1_118' title='bbox 2560 2140 2706 2208; x_wconf 81' lang='lat' dir='ltr'><strong>Pri-</strong></span> 
     </span>
     <span class='ocr_line' id='line_1_16' title="bbox 730 2251 2706 2344; baseline 0.001 -24"><span class='ocrx_word' id='word_1_119' title='bbox 730 2277 911 2322; x_wconf 90' lang='lat' dir='ltr'><strong>mum</strong></span> <span class='ocrx_word' id='word_1_120' title='bbox 964 2253 1083 2320; x_wconf 87' lang='lat' dir='ltr'><strong>ista</strong></span> <span class='ocrx_word' id='word_1_121' title='bbox 1144 2252 1419 2321; x_wconf 84' lang='lat' dir='ltr'><strong>mirifice</strong></span> <span class='ocrx_word' id='word_1_122' title='bbox 1479 2252 1875 2321; x_wconf 80' lang='lat' dir='ltr'><strong>conveniunt</strong></span> <span class='ocrx_word' id='word_1_123' title='bbox 1927 2275 2078 2321; x_wconf 87' lang='lat' dir='ltr'><strong>cum</strong></span> <span class='ocrx_word' id='word_1_124' title='bbox 2125 2251 2201 2320; x_wconf 80' lang='lat' dir='ltr'><strong>iis</strong></span> <span class='ocrx_word' id='word_1_125' title='bbox 2219 2304 2238 2332; x_wconf 87' lang='lat'><strong>,</strong></span> <span class='ocrx_word' id='word_1_126' title='bbox 2301 2275 2471 2344; x_wconf 88' lang='lat' dir='ltr'><strong>quae</strong></span> <span class='ocrx_word' id='word_1_127' title='bbox 2516 2253 2706 2322; x_wconf 89' lang='lat' dir='ltr'><strong>initio</strong></span> 
     </span>
     <span class='ocr_line' id='line_1_17' title="bbox 729 2360 2796 2453; baseline 0 -21"><span class='ocrx_word' id='word_1_128' title='bbox 729 2364 974 2432; x_wconf 72' lang='lat' dir='ltr'><strong>itineris</strong></span> <span class='ocrx_word' id='word_1_129' title='bbox 1021 2361 1090 2427; x_wconf 88' lang='lat' dir='ltr'><strong>in</strong></span> <span class='ocrx_word' id='word_1_130' title='bbox 1136 2361 1528 2450; x_wconf 83' lang='lat' dir='ltr'><strong>provinciam</strong></span> <span class='ocrx_word' id='word_1_131' title='bbox 1575 2360 1827 2453; x_wconf 80' lang='lat' dir='ltr'><strong>scripsit</strong></span> <span class='ocrx_word' id='word_1_132' title='bbox 1874 2361 2093 2430; x_wconf 86' lang='lat' dir='ltr'><strong>Cicero</strong></span> <span class='ocrx_word' id='word_1_133' title='bbox 2139 2363 2226 2429; x_wconf 83' lang='lat' dir='ltr'><strong>ad</strong></span> <span class='ocrx_word' id='word_1_134' title='bbox 2278 2362 2569 2431; x_wconf 83' lang='lat' dir='ltr'><strong>Atticum</strong></span> <span class='ocrx_word' id='word_1_135' title='bbox 2615 2366 2669 2433; x_wconf 84' lang='lat' dir='ltr'><strong>V</strong></span> <span class='ocrx_word' id='word_1_136' title='bbox 2683 2387 2718 2444; x_wconf 81' lang='lat'><strong>‚·</strong></span> <span class='ocrx_word' id='word_1_137' title='bbox 2791 2365 2796 2373; x_wconf 77' lang='grc'><em>’</em></span> 
     </span>
     <span class='ocr_line' id='line_1_18' title="bbox 731 2475 2703 2561; baseline 0.002 -21"><span class='ocrx_word' id='word_1_138' title='bbox 731 2482 771 2540; x_wconf 82' lang='lat'>2</span> <span class='ocrx_word' id='word_1_139' title='bbox 793 2526 812 2554; x_wconf 89' lang='lat'><strong>,</strong></span> <span class='ocrx_word' id='word_1_140' title='bbox 849 2481 922 2542; x_wconf 84' lang='lat'><strong>3:</strong></span> <span class='ocrx_word' id='word_1_141' title='bbox 955 2475 1101 2539; x_wconf 76' lang='lat' dir='ltr'><strong>noli</strong></span> <span class='ocrx_word' id='word_1_142' title='bbox 1125 2485 1374 2561; x_wconf 81' lang='lat' dir='ltr'><strong>putare</strong></span> <span class='ocrx_word' id='word_1_143' title='bbox 1406 2475 1587 2540; x_wconf 69' lang='lat' dir='ltr'><strong>milti</strong></span> <span class='ocrx_word' id='word_1_144' title='bbox 1616 2477 1838 2541; x_wconf 80' lang='lat' dir='ltr'><strong>aliam</strong></span> <span class='ocrx_word' id='word_1_145' title='bbox 1869 2476 2383 2542; x_wconf 71' lang='lat' dir='ltr'><strong>emulationem</strong></span> <span class='ocrx_word' id='word_1_146' title='bbox 2416 2498 2549 2541; x_wconf 71' lang='lat' dir='ltr'><strong>eece</strong></span> <span class='ocrx_word' id='word_1_147' title='bbox 2580 2477 2703 2543; x_wconf 77' lang='lat' dir='ltr'><strong>lm-</strong></span> 
     </span>
     <span class='ocr_line' id='line_1_19' title="bbox 729 2588 2704 2677; baseline 0 -25"><span class='ocrx_word' id='word_1_148' title='bbox 729 2592 843 2652; x_wconf 76' lang='lat' dir='ltr'><strong>im</strong></span> <span class='ocrx_word' id='word_1_149' title='bbox 886 2591 1188 2676; x_wconf 72' lang='lat' dir='ltr'><strong>ingentis</strong></span> <span class='ocrx_word' id='word_1_150' title='bbox 1233 2588 1613 2666; x_wconf 72' lang='lat' dir='ltr'><strong>molestiae,</strong></span> <span class='ocrx_word' id='word_1_151' title='bbox 1660 2591 1807 2653; x_wconf 75' lang='lat' dir='ltr'><strong>nin·</strong></span> <span class='ocrx_word' id='word_1_152' title='bbox 1848 2588 2025 2673; x_wconf 80' lang='lat' dir='ltr'><strong>quod</strong></span> <span class='ocrx_word' id='word_1_153' title='bbox 2050 2611 2238 2674; x_wconf 79' lang='lat' dir='ltr'><strong>epero</strong></span> <span class='ocrx_word' id='word_1_154' title='bbox 2265 2611 2398 2652; x_wconf 76' lang='lat' dir='ltr'><strong>non</strong></span> <span class='ocrx_word' id='word_1_155' title='bbox 2432 2590 2704 2677; x_wconf 75' lang='lat' dir='ltr'><strong>longio—</strong></span> 
     </span>
     <span class='ocr_line' id='line_1_20' title="bbox 729 2700 2705 2787; baseline -0.001 -22"><span class='ocrx_word' id='word_1_156' title='bbox 729 2724 874 2765; x_wconf 80' lang='lat' dir='ltr'><strong>rem</strong></span> <span class='ocrx_word' id='word_1_157' title='bbox 926 2723 1153 2764; x_wconf 75' lang='lat' dir='ltr'><strong>annua</strong></span> <span class='ocrx_word' id='word_1_158' title='bbox 1186 2700 1367 2787; x_wconf 83' lang='lat' dir='ltr'><strong>fore.</strong></span> <span class='ocrx_word' id='word_1_159' title='bbox 1460 2702 1599 2766; x_wconf 81' lang='lat' dir='ltr'><strong>Hoc</strong></span> <span class='ocrx_word' id='word_1_160' title='bbox 1644 2724 1748 2766; x_wconf 86' lang='lat' dir='ltr'><strong>me</strong></span> <span class='ocrx_word' id='word_1_161' title='bbox 1787 2703 1893 2765; x_wconf 75' lang='lat' dir='ltr'><strong>ita</strong></span> <span class='ocrx_word' id='word_1_162' title='bbox 1934 2702 2100 2765; x_wconf 82' lang='lat' dir='ltr'><strong>velle</strong></span> <span class='ocrx_word' id='word_1_163' title='bbox 2142 2700 2352 2765; x_wconf 77' lang='lat' dir='ltr'><strong>multi</strong></span> <span class='ocrx_word' id='word_1_164' title='bbox 2392 2724 2523 2766; x_wconf 82' lang='lat' dir='ltr'><strong>mm</strong></span> <span class='ocrx_word' id='word_1_165' title='bbox 2555 2724 2705 2766; x_wconf 79' lang='lat' dir='ltr'><strong>ere-</strong></span> 
     </span>
     <span class='ocr_line' id='line_1_21' title="bbox 728 2809 2705 2903; baseline 0.003 -28"><span class='ocrx_word' id='word_1_166' title='bbox 728 2811 898 2876; x_wconf 78' lang='lat' dir='ltr'><strong>dunt</strong></span> <span class='ocrx_word' id='word_1_167' title='bbox 920 2861 937 2889; x_wconf 91' lang='lat'><strong>,</strong></span> <span class='ocrx_word' id='word_1_168' title='bbox 984 2834 1066 2875; x_wconf 67' lang='lat' dir='ltr'><strong>ex</strong></span> <span class='ocrx_word' id='word_1_169' title='bbox 1091 2811 1554 2877; x_wconf 70' lang='lat' dir='ltr'><strong>contuetudt’ne</strong></span> <span class='ocrx_word' id='word_1_170' title='bbox 1597 2814 1919 2877; x_wconf 75' lang='lat' dir='ltr'><strong>aliorum.</strong></span> <span class='ocrx_word' id='word_1_171' title='bbox 2013 2811 2141 2877; x_wconf 87' lang='lat' dir='ltr'><strong>Sed</strong></span> <span class='ocrx_word' id='word_1_172' title='bbox 2175 2809 2479 2879; x_wconf 85' lang='lat' dir='ltr'><strong>videntur</strong></span> <span class='ocrx_word' id='word_1_173' title='bbox 2508 2833 2705 2903; x_wconf 80' lang='lat' dir='ltr'><strong>prae-</strong></span> 
     </span>
     <span class='ocr_line' id='line_1_22' title="bbox 730 2921 2703 3014; baseline 0.001 -24"><span class='ocrx_word' id='word_1_174' title='bbox 730 2935 902 2990; x_wconf 85' lang='lat' dir='ltr'><strong>terea</strong></span> <span class='ocrx_word' id='word_1_175' title='bbox 965 2921 1084 2989; x_wconf 82' lang='lat' dir='ltr'><strong>ista</strong></span> <span class='ocrx_word' id='word_1_176' title='bbox 1134 2923 1432 2991; x_wconf 84' lang='lat' dir='ltr'><strong>adversus</strong></span> <span class='ocrx_word' id='word_1_177' title='bbox 1489 2922 1822 2991; x_wconf 72' lang='lat' dir='ltr'><strong>Caesarem</strong></span> <span class='ocrx_word' id='word_1_178' title='bbox 1883 2922 2207 3014; x_wconf 87' lang='lat' dir='ltr'><strong>pertinere</strong></span> <span class='ocrx_word' id='word_1_179' title='bbox 2228 2974 2250 3004; x_wconf 87' lang='lat'><strong><em>‚</em></strong></span> <span class='ocrx_word' id='word_1_180' title='bbox 2310 2946 2506 3013; x_wconf 87' lang='lat' dir='ltr'><strong>quem</strong></span> <span class='ocrx_word' id='word_1_181' title='bbox 2558 2937 2703 2992; x_wconf 89' lang='lat' dir='ltr'><strong>tum</strong></span> 
     </span>
     <span class='ocr_line' id='line_1_23' title="bbox 729 3033 2702 3124; baseline -0.001 -23"><span class='ocrx_word' id='word_1_182' title='bbox 729 3038 999 3101; x_wconf 84' lang='lat' dir='ltr'><strong>Senatus</strong></span> <span class='ocrx_word' id='word_1_183' title='bbox 1066 3034 1415 3102; x_wconf 82' lang='lat' dir='ltr'><strong>auotoritas</strong></span> <span class='ocrx_word' id='word_1_184' title='bbox 1474 3048 1555 3103; x_wconf 88' lang='lat' dir='ltr'><strong>ut</strong></span> <span class='ocrx_word' id='word_1_185' title='bbox 1618 3033 1975 3102; x_wconf 85' lang='lat' dir='ltr'><strong>discederet</strong></span> <span class='ocrx_word' id='word_1_186' title='bbox 2037 3055 2268 3124; x_wconf 81' lang='lat' dir='ltr'><strong>eogere</strong></span> <span class='ocrx_word' id='word_1_187' title='bbox 2328 3034 2702 3104; x_wconf 82' lang='lat' dir='ltr'><strong>videbatur:</strong></span> 
     </span>
     <span class='ocr_line' id='line_1_24' title="bbox 731 3144 2698 3235; baseline 0 -23"><span class='ocrx_word' id='word_1_188' title='bbox 731 3146 905 3215; x_wconf 85' lang='lat' dir='ltr'><strong>conf.</strong></span> <span class='ocrx_word' id='word_1_189' title='bbox 949 3144 1142 3213; x_wconf 85' lang='lat' dir='ltr'><strong>Coelii</strong></span> <span class='ocrx_word' id='word_1_190' title='bbox 1173 3144 1487 3235; x_wconf 84' lang='lat' dir='ltr'><strong>Epistolae</strong></span> <span class='ocrx_word' id='word_1_191' title='bbox 1519 3146 1658 3215; x_wconf 89' lang='lat' dir='ltr'><strong>Lib.</strong></span> <span class='ocrx_word' id='word_1_192' title='bbox 1697 3147 1878 3227; x_wconf 86' lang='lat' dir='ltr'><strong>vm,</strong></span> <span class='ocrx_word' id='word_1_193' title='bbox 1926 3159 1993 3213; x_wconf 89' lang='lat' dir='ltr'><strong>et</strong></span> <span class='ocrx_word' id='word_1_194' title='bbox 2025 3145 2111 3213; x_wconf 87' lang='lat' dir='ltr'><strong>ad</strong></span> <span class='ocrx_word' id='word_1_195' title='bbox 2146 3149 2285 3215; x_wconf 83' lang='lat' dir='ltr'><strong>Att.</strong></span> <span class='ocrx_word' id='word_1_196' title='bbox 2324 3149 2413 3225; x_wconf 85' lang='lat' dir='ltr'><strong>V,</strong></span> <span class='ocrx_word' id='word_1_197' title='bbox 2462 3151 2502 3211; x_wconf 89' lang='lat'><strong>2</strong></span> <span class='ocrx_word' id='word_1_198' title='bbox 2537 3160 2606 3214; x_wconf 93' lang='lat' dir='ltr'><strong>et</strong></span> <span class='ocrx_word' id='word_1_199' title='bbox 2637 3152 2698 3213; x_wconf 88' lang='lat'><strong>4.</strong></span> 
     </span>
    </p>

    <p class='ocr_par' dir='ltr' id='par_1_6' title="bbox 728 3255 2702 3347">
     <span class='ocr_line' id='line_1_25' title="bbox 728 3255 2702 3347; baseline 0.003 -28"><span class='ocrx_word' id='word_1_200' title='bbox 728 3257 856 3322; x_wconf 85' lang='lat' dir='ltr'><strong>Nec</strong></span> <span class='ocrx_word' id='word_1_201' title='bbox 902 3268 1120 3322; x_wconf 87' lang='lat' dir='ltr'><strong>tamen</strong></span> <span class='ocrx_word' id='word_1_202' title='bbox 1161 3255 1294 3344; x_wconf 86' lang='lat' dir='ltr'><strong>ipse</strong></span> <span class='ocrx_word' id='word_1_203' title='bbox 1334 3255 1684 3346; x_wconf 85' lang='lat' dir='ltr'><strong>quicquam</strong></span> <span class='ocrx_word' id='word_1_204' title='bbox 1730 3255 1894 3323; x_wconf 88' lang='lat' dir='ltr'><strong>dicit</strong></span> <span class='ocrx_word' id='word_1_205' title='bbox 1924 3276 2057 3345; x_wconf 88' lang='lat' dir='ltr'><strong>quo</strong></span> <span class='ocrx_word' id='word_1_206' title='bbox 2087 3255 2479 3347; x_wconf 79' lang='lat' dir='ltr'><strong>perstringat</strong></span> <span class='ocrx_word' id='word_1_207' title='bbox 2517 3255 2702 3336; x_wconf 78' lang='lat' dir='ltr'><strong>alios,</strong></span> 
     </span>
    </p>

    <p class='ocr_par' dir='ltr' id='par_1_7' title="bbox 730 3364 1708 3436">
     <span class='ocr_line' id='line_1_26' title="bbox 730 3364 1708 3436; baseline 0.001 -2"><span class='ocrx_word' id='word_1_208' title='bbox 730 3367 844 3434; x_wconf 84' lang='lat' dir='ltr'><strong>sed</strong></span> <span class='ocrx_word' id='word_1_209' title='bbox 876 3389 950 3433; x_wconf 87' lang='lat' dir='ltr'><strong>ea</strong></span> <span class='ocrx_word' id='word_1_210' title='bbox 979 3364 1196 3434; x_wconf 83' lang='lat' dir='ltr'><strong>Attico</strong></span> <span class='ocrx_word' id='word_1_211' title='bbox 1231 3368 1419 3435; x_wconf 83' lang='lat' dir='ltr'><strong>verba</strong></span> <span class='ocrx_word' id='word_1_212' title='bbox 1455 3367 1708 3436; x_wconf 85' lang='lat' dir='ltr'><strong>tribuit.</strong></span> 
     </span>
    </p>

    <p class='ocr_par' dir='ltr' id='par_1_8' title="bbox 720 3479 2712 4243">
     <span class='ocr_line' id='line_1_27' title="bbox 818 3479 2702 3570; baseline 0.002 -25"><span class='ocrx_word' id='word_1_213' title='bbox 818 3480 1132 3547; x_wconf 80' lang='lat' dir='ltr'><strong>Adversus</strong></span> <span class='ocrx_word' id='word_1_214' title='bbox 1185 3479 1377 3560; x_wconf 84' lang='lat' dir='ltr'><strong>haec,</strong></span> <span class='ocrx_word' id='word_1_215' title='bbox 1441 3502 1608 3570; x_wconf 85' lang='lat' dir='ltr'><strong>quae</strong></span> <span class='ocrx_word' id='word_1_216' title='bbox 1662 3502 1794 3547; x_wconf 88' lang='lat' dir='ltr'><strong>non</strong></span> <span class='ocrx_word' id='word_1_217' title='bbox 1850 3492 2092 3546; x_wconf 87' lang='lat' dir='ltr'><strong>temere</strong></span> <span class='ocrx_word' id='word_1_218' title='bbox 2137 3480 2326 3548; x_wconf 75' lang='lat' dir='ltr'><strong>nobis</strong></span> <span class='ocrx_word' id='word_1_219' title='bbox 2373 3481 2702 3570; x_wconf 81' lang='lat' dir='ltr'><strong>disputare</strong></span> 
     </span>
     <span class='ocr_line' id='line_1_28' title="bbox 730 3590 2701 3682; baseline 0.003 -26"><span class='ocrx_word' id='word_1_220' title='bbox 730 3592 1060 3664; x_wconf 78' lang='lat' dir='ltr'><strong>videmur.</strong></span> <span class='ocrx_word' id='word_1_221' title='bbox 1103 3592 1467 3660; x_wconf 84' lang='lat' dir='ltr'><strong>cavendum</strong></span> <span class='ocrx_word' id='word_1_222' title='bbox 1488 3642 1506 3673; x_wconf 96' lang='lat'><strong>,</strong></span> <span class='ocrx_word' id='word_1_223' title='bbox 1554 3615 1640 3660; x_wconf 86' lang='lat' dir='ltr'><strong>ne</strong></span> <span class='ocrx_word' id='word_1_224' title='bbox 1671 3590 1816 3681; x_wconf 77' lang='lat' dir='ltr'><strong>quis</strong></span> <span class='ocrx_word' id='word_1_225' title='bbox 1843 3613 1978 3659; x_wconf 89' lang='lat' dir='ltr'><strong>uno</strong></span> <span class='ocrx_word' id='word_1_226' title='bbox 2008 3590 2343 3682; x_wconf 84' lang='lat' dir='ltr'><strong>alteroque</strong></span> <span class='ocrx_word' id='word_1_227' title='bbox 2370 3592 2511 3661; x_wconf 85' lang='lat' dir='ltr'><strong>looo</strong></span> <span class='ocrx_word' id='word_1_228' title='bbox 2539 3591 2701 3660; x_wconf 83' lang='lat' dir='ltr'><strong>abu-</strong></span> 
     </span>
     <span class='ocr_line' id='line_1_29' title="bbox 730 3694 2708 3794; baseline -0.001 -23"><span class='ocrx_word' id='word_1_229' title='bbox 730 3718 925 3772; x_wconf 83' lang='lat' dir='ltr'><strong>tatur.</strong></span> <span class='ocrx_word' id='word_1_230' title='bbox 1020 3694 1272 3785; x_wconf 55' lang='lat' dir='ltr'><strong>Veluti‘,</strong></span> <span class='ocrx_word' id='word_1_231' title='bbox 1318 3705 1500 3794; x_wconf 89' lang='lat' dir='ltr'><strong>quod</strong></span> <span class='ocrx_word' id='word_1_232' title='bbox 1542 3703 1786 3772; x_wconf 83' lang='lat' dir='ltr'><strong>dicitur</strong></span> <span class='ocrx_word' id='word_1_233' title='bbox 1816 3708 1875 3783; x_wconf 90' lang='grc' dir='ltr'><strong>Ι,</strong></span> <span class='ocrx_word' id='word_1_234' title='bbox 1911 3709 1987 3784; x_wconf 87' lang='grc'><strong>3,</strong></span> <span class='ocrx_word' id='word_1_235' title='bbox 2026 3709 2100 3784; x_wconf 85' lang='grc'><strong>9,</strong></span> <span class='ocrx_word' id='word_1_236' title='bbox 2147 3726 2316 3791; x_wconf 74' lang='lat' dir='ltr'><strong>quae</strong></span> <span class='ocrx_word' id='word_1_237' title='bbox 2352 3708 2708 3793; x_wconf 73' lang='lat' dir='ltr'><strong>een’peieti·</strong></span> 
     </span>
     <span class='ocr_line' id='line_1_30' title="bbox 720 3815 2712 3907; baseline 0 -24"><span class='ocrx_word' id='word_1_238' title='bbox 720 3819 935 3904; x_wconf 75' lang='lat' dir='ltr'><strong>plura</strong></span> <span class='ocrx_word' id='word_1_239' title='bbox 968 3839 1173 3903; x_wconf 81' lang='lat' dir='ltr'><strong>quam</strong></span> <span class='ocrx_word' id='word_1_240' title='bbox 1206 3820 1570 3903; x_wconf 75' lang='lat' dir='ltr'><strong>quiequam</strong></span> <span class='ocrx_word' id='word_1_241' title='bbox 1603 3817 1681 3882; x_wconf 79' lang='lat' dir='ltr'><strong>de</strong></span> <span class='ocrx_word' id='word_1_242' title='bbox 1711 3820 2006 3895; x_wconf 71' lang='lat' dir='ltr'><strong>nostrie,</strong></span> <span class='ocrx_word' id='word_1_243' title='bbox 2041 3830 2205 3907; x_wconf 88' lang='lat' dir='ltr'><strong>puto</strong></span> <span class='ocrx_word' id='word_1_244' title='bbox 2236 3815 2378 3883; x_wconf 83' lang='lat' dir='ltr'><strong>fore</strong></span> <span class='ocrx_word' id='word_1_245' title='bbox 2407 3815 2521 3905; x_wconf 88' lang='lat' dir='ltr'><strong>qui</strong></span> <span class='ocrx_word' id='word_1_246' title='bbox 2551 3827 2712 3906; x_wconf 73' lang='lat' dir='ltr'><strong>per·&#39;</strong></span> 
     </span>
     <span class='ocr_line' id='line_1_31' title="bbox 730 3927 2697 4018; baseline 0 -22"><span class='ocrx_word' id='word_1_247' title='bbox 730 3929 938 3996; x_wconf 86' lang='lat' dir='ltr'><strong>tinere</strong></span> <span class='ocrx_word' id='word_1_248' title='bbox 993 3942 1186 4018; x_wconf 89' lang='lat' dir='ltr'><strong>putet</strong></span> <span class='ocrx_word' id='word_1_249' title='bbox 1233 3930 1316 3996; x_wconf 86' lang='lat' dir='ltr'><strong>ad</strong></span> <span class='ocrx_word' id='word_1_250' title='bbox 1362 3930 1571 3997; x_wconf 89' lang='lat' dir='ltr'><strong>multa</strong></span> <span class='ocrx_word' id='word_1_251' title='bbox 1621 3929 1728 3996; x_wconf 86' lang='lat' dir='ltr'><strong>illa</strong></span> <span class='ocrx_word' id='word_1_252' title='bbox 1775 3927 2133 4008; x_wconf 84' lang='lat' dir='ltr'><strong>volumina,</strong></span> <span class='ocrx_word' id='word_1_253' title='bbox 2195 3949 2362 4016; x_wconf 86' lang='lat' dir='ltr'><strong>quae</strong></span> <span class='ocrx_word' id='word_1_254' title='bbox 2410 3928 2566 3995; x_wconf 89' lang='lat' dir='ltr'><strong>inde</strong></span> <span class='ocrx_word' id='word_1_255' title='bbox 2612 3928 2697 3996; x_wconf 91' lang='lat' dir='ltr'><strong>ab</strong></span> 
     </span>
     <span class='ocr_line' id='line_1_32' title="bbox 729 4039 2694 4131; baseline 0.001 -24"><span class='ocrx_word' id='word_1_256' title='bbox 729 4045 804 4109; x_wconf 79' lang='lat' dir='ltr'><strong>A.</strong></span> <span class='ocrx_word' id='word_1_257' title='bbox 845 4045 976 4109; x_wconf 80' lang='lat'><strong>708</strong></span> <span class='ocrx_word' id='word_1_258' title='bbox 1009 4042 1096 4108; x_wconf 88' lang='lat' dir='ltr'><strong>de</strong></span> <span class='ocrx_word' id='word_1_259' title='bbox 1125 4041 1527 4131; x_wconf 82' lang='lat' dir='ltr'><strong>philosophia</strong></span> <span class='ocrx_word' id='word_1_260' title='bbox 1559 4043 1751 4111; x_wconf 87' lang='lat' dir='ltr'><strong>edere</strong></span> <span class='ocrx_word' id='word_1_261' title='bbox 1783 4040 1995 4131; x_wconf 87' lang='lat' dir='ltr'><strong>coepit</strong></span> <span class='ocrx_word' id='word_1_262' title='bbox 2016 4091 2034 4121; x_wconf 96' lang='lat'><strong>,</strong></span> <span class='ocrx_word' id='word_1_263' title='bbox 2083 4039 2304 4130; x_wconf 86' lang='lat' dir='ltr'><strong>itaque</strong></span> <span class='ocrx_word' id='word_1_264' title='bbox 2336 4041 2694 4110; x_wconf 82' lang='lat' dir='ltr'><strong>contendat</strong></span> 
     </span>
     <span class='ocr_line' id='line_1_33' title="bbox 730 4154 2708 4243; baseline -0.002 -21"><span class='ocrx_word' id='word_1_265' title='bbox 730 4158 844 4223; x_wconf 86' lang='lat' dir='ltr'><strong>hos</strong></span> <span class='ocrx_word' id='word_1_266' title='bbox 891 4155 1084 4222; x_wconf 80' lang='lat' dir='ltr'><strong>libros</strong></span> <span class='ocrx_word' id='word_1_267' title='bbox 1138 4158 1226 4221; x_wconf 85' lang='lat' dir='ltr'><strong>De</strong></span> <span class='ocrx_word' id='word_1_268' title='bbox 1277 4156 1544 4243; x_wconf 75' lang='lat' dir='ltr'><strong>Legibus</strong></span> <span class='ocrx_word' id='word_1_269' title='bbox 1593 4155 1875 4243; x_wconf 83' lang='lat' dir='ltr'><strong>postilla</strong></span> <span class='ocrx_word' id='word_1_270' title='bbox 1910 4154 2181 4242; x_wconf 82' lang='lat' dir='ltr'><strong>scriptos</strong></span> <span class='ocrx_word' id='word_1_271' title='bbox 2214 4176 2364 4221; x_wconf 71' lang='lat' dir='ltr'><strong>ease.</strong></span> <span class='ocrx_word' id='word_1_272' title='bbox 2457 4157 2708 4224; x_wconf 76' lang='lat' dir='ltr'><strong>Verum·</strong></span> 
     </span>
    </p>
   </div>
  </div>
 </body>
</html>
