3131 5032
1407 507 1543 581 109

643 714 880 783 nocero
938 732 1075 781 non
1121 724 1662 785 commemoratur
1679 760 1698 794 ,
1762 712 1952 805 ipsius
2000 735 2086 782 an
2132 716 2442 784 Muenteri

635 825 833 918 culpa
849 877 870 909 ,
915 847 1052 895 non
1083 824 1359 908 defini03
1388 838 1459 895 et
1485 838 1804 918 postrema
1838 848 2036 918 quam
2064 827 2137 897 in
2166 827 2447 897 elabora-

646 938 727 1008 tis
778 936 901 1007 illis
957 936 1483 1009 annotationibus
1533 937 1792 1008 excitari
1853 938 2070 1022 video,
2129 953 2226 1009 est
2283 939 2443 1011 ibid.

626 1054 1077 1144 fictur-aeque,
1138 1074 1259 1145 pro
1293 1054 1695 1145 semo-aeque
1710 1104 1728 1136 ,
1770 1051 1938 1123 sicut
1977 1052 2212 1123 diserte
2243 1068 2447 1124 exstat

641 1165 715 1234 in
749 1165 1013 1236 Codice:
1057 1166 1337 1253 alterum
1375 1166 1577 1249 illud,
1610 1167 2050 1256 providendo,
2097 1190 2309 1259 neque
2337 1165 2445 1238 hic

642 1277 803 1347 liber
825 1278 1190 1362 VossianuS,
1223 1301 1436 1370 neque
1460 1278 1629 1348 ullus
1655 1279 1869 1349 Codex
1892 1279 2124 1356 habet.
2155 1280 2269 1371 qui
2299 1279 2442 1371 qui·

643 1391 796 1460 dem
822 1391 911 1459 ad
938 1414 1147 1460 meam
1177 1392 1475 1463 notitiam
1499 1392 1892 1485 pervenerit,
1921 1393 2191 1484 fierique
2214 1407 2429 1485 potest

639 1517 720 1573 ut
763 1502 836 1572 in
880 1503 1133 1574 minuta
1177 1504 1491 1597 scriptura
1524 1504 1704 1575 istius
1746 1505 1892 1574 libri
1921 1505 2128 1597 specie
2162 1506 2445 1598 quadam

636 1616 945 1708 deceptus
972 1616 1174 1686 fuerit
1200 1616 1468 1689 Gudius.
1559 1619 1728 1686 Tum
1749 1617 1820 1684 in
1848 1617 2240 1709 reliquorum
2266 1617 2443 1687 miri·

637 1728 768 1798 fico
793 1750 1137 1810 consensu,
1173 1727 1493 1821 discrepat
1521 1729 1712 1799 lectio
1742 1729 2109 1798 Havniensis
2143 1732 2214 1812 1,
2257 1738 2324 1813 1,
2365 1735 2441 1813 4,

637 1855 970 1930 quaerunt
996 1840 1334 1911 exhibens:
1367 1864 1522 1910 nam
1553 1841 1838 1915 Vossiani
1868 1842 2002 1913 duo
2033 1842 2445 1934 praestantis-

637 1955 780 2025 simi
828 1955 1095 2026 solemni
1144 1957 1530 2048 compendio
1545 2007 1564 2040 ‚
1606 1952 1967 2046 quaer-und
2014 1953 2180 2055 solus
2216 1954 2445 2025 tertius

645 2066 776 2161 (D),
803 2068 915 2137 sed
941 2068 1055 2160 qui
1089 2081 1377 2138 ceterum
1415 2068 1684 2138 minime
1706 2093 1859 2139 cum
1883 2071 2084 2138 Ham.
2102 2068 2444 2160 conspirat,

634 2194 1001 2271 quaen-unm
1032 2180 1104 2249 in
1136 2204 1270 2273 quo
1300 2181 1679 2251 incredibile
1705 2196 1801 2251 est
1836 2181 2040 2251 virum
2080 2182 2347 2253 doctum
2377 2194 2446 2251 et

638 2292 1055 2362 exercitatum
1084 2314 1297 2362 errare
1321 2294 1620 2385 potuisse.
1710 2299 1950 2364 Rursus
1987 2297 2050 2376 Ι,
2094 2299 2137 2362 2
2158 2346 2177 2377 ,
2216 2300 2281 2365 ’1.
2324 2294 2443 2366 fin.

640 2407 910 2475 Moserus
950 2428 1028 2474 ex
1068 2406 1300 2476 eodem
1328 2405 1493 2499 libro
1522 2421 1840 2477 memorat
1869 2431 2243 2496 quenquam
2260 2459 2280 2491 ,
2326 2429 2448 2500 pro

639 2541 1065 2608 quemquam:
1113 2533 1331 2588 tamen
1359 2534 1428 2590 et
1458 2520 1530 2588 in
1556 2520 1667 2592 illo
1699 2521 2000 2594 Vossiano
2032 2521 2198 2591 libro
2216 2572 2234 2605 ‚
2280 2534 2349 2591 et
2378 2519 2450 2590 in

638 2630 939 2701 omnibus
962 2630 1254 2724 reliquis,
1288 2631 1374 2700 de
1403 2654 1616 2714 more,
1648 2631 1952 2700 scribitur
1980 2634 2257 2721 qu‘e'qua.
2328 2633 2448 2702 Po-

638 2758 874 2814 stremo
929 2743 1211 2813 multum
1255 2743 1435 2813 abest
1478 2758 1560 2812 ut
1605 2766 1828 2814 omnes
1877 2743 2342 2835 discrepantiae
2378 2744 2451 2813 in

640 2854 804 2925 libro
845 2859 1045 2925 Havn.
1097 2878 1136 2924 e
1178 2855 1478 2928 vossiano
1507 2854 1740 2924 Codice
1766 2863 2154 2924 memoratae
2184 2855 2351 2938 sint,
2394 2856 2448 2925 si

641 2979 859 3037 tamen
877 2967 1224 3060 descriptas
1241 2989 1463 3038 omnen
1482 2966 1826 3059 diligenter
1849 2965 2141 3035 reddidit
2154 2969 2446 3039 Mosei-us.

638 3079 741 3150 Sic
773 3080 974 3173 igitur
999 3080 1262 3151 fortasse
1285 3081 1705 3149 statuendum
1727 3095 1852 3163 est,
1893 3079 2183 3149 Gudium
2206 3093 2441 3150 contu-

630 3192 772 3262 lisse
832 3192 1443 3286 praestantissimum
1504 3192 1801 3264 Codicem
1860 3192 2233 3267 Vossianum
2293 3191 2439 3287 (A),

632 3328 854 3375 verum
894 3329 1110 3399 neque
1146 3305 1363 3377 omnia
1394 3320 1717 3389 enotasse,
1762 3320 1833 3376 et
1860 3306 2139 3376 subinde
2169 3305 2440 3376 humani

631 3417 796 3508 quid
849 3440 1100 3510 passum
1146 3441 1328 3488 esse„
1402 3421 1744 3511 Integrum
1789 3419 1937 3488 viris
1984 3417 2189 3488 doctis
2236 3418 2441 3489 relin-

627 3529 857 3621 quitur
899 3530 1090 3601 huius
1136 3531 1229 3601 rei
1272 3530 1583 3602 iudicium
1603 3583 1621 3613 ,
1681 3532 1862 3624 quod
1910 3531 2043 3623 ipse
2090 3531 2438 3602 accuratis—

631 3643 790 3712 sime
822 3642 1064 3712 librum
1102 3644 1284 3713 illum
1319 3644 1589 3726 excussi,
1633 3644 1812 3714 cuius
1845 3643 2147 3715 lectiones
2172 3659 2441 3736 possunt

629 3777 785 3825 cum
814 3756 1273 3827 Havniensibus
1299 3756 1600 3827 consern‘.
1656 3759 1878 3848 Neque
1906 3756 2031 3827 hoc
2061 3756 2398 3826 obiicietur
2411 3809 2434 3837 .

629 3868 863 3960 opinor
877 3921 896 3952 ‚
937 3868 1345 3940 collationem
1373 3869 1796 3939 Havniensem
1823 3892 1960 3940 non
1991 3868 2164 3938 ultra
2192 3892 2334 3960 cap.
2370 3875 2438 3940 8.

632 3979 779 4072 ΠΙ),
834 3982 918 4049 Π.
977 4002 1276 4073 pergere:
1332 3979 1553 4050 multis
1611 3981 1854 4072 quippe
1907 3981 2206 4072 exemplis
2249 3980 2438 4050 novi-

635 4112 782 4159 mus
812 4091 1026 4161 taedio
1057 4090 1291 4163 laboris
1321 4091 1394 4160 in
1429 4092 1647 4162 medio
1678 4115 1873 4185 opere
1900 4092 2249 4161 substitisse
2279 4091 2440 4162 viros

635 4205 877 4276 doctos.
967 4207 1187 4296 Neque
1229 4220 1449 4278 tamen
1487 4203 1928 4277 omittendum
1957 4220 2053 4275 ent
2066 4258 2083 4287 ‚
2127 4226 2244 4295 per
2274 4218 2437 4274 tcm-
