3131 5032
1643 460 1740 534 36

716 671 901 743 nilos
926 685 1001 744 et
1036 674 1327 772 euripos
1350 686 1642 764 vocant,
1677 676 1839 771 quis
1874 695 2055 761 non,
2093 695 2326 769 quum
2356 669 2536 744 haec
2564 677 2673 744 vi-

711 790 905 881 deat,
941 792 1289 864 irriserit?
1372 796 1623 889 Itaque
1660 806 1743 864 ut
1776 805 1860 863 tu
1895 790 2136 891 paullo
2171 802 2339 863 ante
2382 790 2475 863 de
2513 791 2673 891 lege

713 925 786 982 et
821 911 911 983 de
943 914 1100 983 iure
1136 910 1490 984 disserens
1528 911 1619 984 ad
1643 924 1973 984 naturam
1997 908 2357 983 referebas
2385 916 2666 1003 omnia,

710 1033 810 1102 sic
856 1034 931 1101 in
975 1029 1087 1101 his
1130 1035 1303 1131 ipsis
1347 1028 1565 1103 rebus
1584 1083 1606 1122 ,
1652 1055 1841 1129 quae
1879 1030 1969 1103 ad
2007 1032 2405 1127 requietem
2441 1035 2667 1103 animi

710 1148 1401 1248 delectationemque
1473 1165 1958 1248 quaeruntur,
2021 1164 2277 1223 natura
2343 1149 2669 1226 domina-

705 1284 848 1342 tur.
946 1274 1187 1364 Quare
1222 1287 1431 1345 antea
1467 1272 1782 1344 mirabar
1817 1270 2025 1366 (nihil
2063 1275 2255 1343 enim
2296 1270 2408 1343 his
2446 1275 2519 1342 in
2561 1271 2666 1344 lo-

706 1393 807 1462 cis
845 1394 981 1463 nisi
1011 1416 1174 1464 saxa
1210 1407 1284 1464 et
1320 1405 1604 1463 montes
1632 1389 2067 1489 cogitabam,
2103 1393 2392 1486 itaque¹
2438 1405 2523 1462 ut
2557 1390 2662 1464 fa-

704 1534 943 1582 cerem
975 1524 1048 1583 et
1078 1509 1525 1583 orationibus
1555 1508 1953 1582 inducebar
1985 1512 2129 1582 tuis
2168 1523 2243 1580 et
2279 1508 2658 1609 versibus)

705 1627 830 1700 sed
860 1629 1205 1721 mirabar,
1249 1644 1334 1702 ut
1367 1630 1546 1720 dixi,
1587 1642 1660 1701 te
1683 1642 1828 1702 tam
1861 1627 2064 1700 valde
2097 1627 2242 1700 hoc
2272 1628 2435 1701 loco
2467 1630 2661 1703 dele·

705 1751 904 1821 ctari.
981 1752 1195 1821 Nunc
1228 1763 1481 1822 contra
1514 1752 1742 1820 miror
1772 1761 1879 1837 te,
1911 1772 2143 1846 quum
2179 1753 2406 1821 Roma
2435 1748 2658 1842 absis,

579 1864 639 1925 ⁸·
701 1892 1012 1964 usquam
1065 1871 1310 1966 potius
1365 1892 1539 1939 esse.
1639 1871 1735 1938 Μ.
1783 1871 1933 1963 Ego
1981 1891 2155 1939 vero
2205 1892 2436 1964 quum
2491 1869 2661 1942 licet

697 1986 942 2086 plures
973 1985 1124 2058 dies
1163 1985 1451 2077 abesse,
1492 1990 1910 2083 praesertim
1965 1984 2108 2059 hoc
2163 2002 2490 2087 tempore
2528 2014 2658 2062 an-

694 2109 809 2197 ni,
838 2118 914 2177 et
948 2109 1458 2179 amoenitatem
1494 2105 1683 2178 hanc
1713 2119 1785 2178 et
1822 2104 2312 2179 salubritatem
2351 2131 2651 2205 sequor:

694 2249 856 2297 raro
902 2238 1146 2297 autem
1190 2224 1376 2297 licet.
1475 2224 1614 2296 Sed
1651 2228 1993 2296 nimirum
2031 2249 2148 2297 me
2183 2225 2318 2299 alia
2350 2251 2649 2325 quoque

673 2369 903 2417 causa
934 2343 1238 2416 delectat
1255 2396 1275 2434 ,
1312 2368 1499 2440 quae
1523 2357 1599 2415 te
1623 2368 1769 2416 non
1792 2347 2075 2444 attingit
2103 2348 2220 2417 ita.
2270 2349 2414 2417 Att.
2445 2349 2647 2439 Quae

687 2464 980 2537 tandem
1000 2469 1132 2538 ista
1154 2488 1365 2537 causa
1388 2464 1536 2536 est?
1582 2468 1679 2536 M.
1708 2467 1922 2555 Quia,
1948 2468 2006 2536 si
2026 2489 2277 2538 verum
2306 2466 2644 2560 dicimuS,

687 2583 869 2658 haec
895 2583 1193 2658 est‘mea
1227 2599 1299 2657 et
1326 2585 1540 2656 huius
1573 2583 1813 2657 fratris
1850 2590 1993 2657 mei
2024 2610 2364 2684 germana
2394 2592 2644 2687 patria.

687 2707 856 2778 Hic²
894 2708 1089 2776 enim
1123 2708 1264 2775 orti
1299 2708 1522 2803 stirpe
1556 2708 2047 2801 antiquissima
2072 2732 2351 2779 sumus:
2386 2707 2507 2782 hic
2532 2735 2644 2782 sa-

688 2847 839 2913 cra,
872 2822 994 2895 hic
1024 2848 1280 2921 genus,
1314 2822 1433 2895 hic
1459 2815 1813 2896 maiorum
1844 2824 2065 2896 multa
2101 2829 2421 2924 vestigia,
2460 2829 2640 2926 quid

682 2942 933 3042 plura?
964 2942 1154 3015 hanc
1184 2942 1382 3015 vides
1413 2942 1689 3035 villam,
1723 2984 1824 2997 —
1854 2957 1935 3015 ut
1968 2968 2164 3016 nunc
2196 2945 2490 3042 quidem
2530 2962 2641 3024 est

597 3123 607 3132 .
680 3061 944 3134 lautius
963 3075 988 3114 ³
1009 3061 1453 3134 aedificatam
1475 3066 1698 3161 patris
1721 3067 1947 3134 nostri
1970 3064 2231 3155 studio;
2254 3070 2382 3162 qui
2407 3092 2638 3164 quum

680 3195 867 3253 esset
891 3179 1173 3252 infirma
1211 3180 1654 3271 valetudine,
1688 3180 1808 3254 hic
1848 3181 1997 3255 fere
2032 3196 2339 3258 aetatem
2376 3190 2521 3285 egit
2556 3191 2633 3260 in

675 3298 936 3389 literis,
963 3297 1199 3372 —sed
1222 3298 1363 3371 hoc
1386 3303 1542 3399 ipso
1562 3303 1637 3372 in
1657 3300 1818 3373 loco
1851 3326 2082 3398 quum
2117 3329 2288 3377 avus
2325 3309 2630 3400 viveret,

675 3432 749 3490 et
783 3422 1088 3515 antiquo
1126 3443 1329 3490 more
1369 3443 1584 3516 parva
1617 3435 1802 3492 esset
1831 3421 2023 3511 villa,
2056 3437 2140 3494 ut
2175 3423 2292 3497 illa
2322 3428 2632 3500 Curiana

670 3539 748 3607 in
801 3537 1115 3627 SabiniS,
1174 3562 1290 3609 me
1352 3540 1534 3608 scito
1596 3562 1750 3610 esse
1801 3552 2072 3611 natum.
2150 3543 2391 3633 Quare
2440 3548 2624 3617 inest

667 3662 909 3730 nescio
950 3658 1129 3755 quid
1170 3673 1242 3731 et
1285 3657 1453 3730 latet
1481 3662 1558 3729 in
1595 3662 1838 3731 animo
1868 3683 1953 3732 ac
1990 3684 2206 3733 sensu
2239 3687 2432 3755 men,
2472 3689 2624 3761 quo

666 3801 782 3850 me
845 3780 1008 3878 plus
1066 3779 1188 3851 hic
1245 3778 1444 3851 locus
1503 3776 1803 3853 fortasse
1858 3778 2202 3854 delectet:
2264 3783 2624 3880 siquidem

663 3901 880 3971 etiam
910 3897 1026 3970 ille
1059 3901 1619 3997 sapientissimus
1669 3903 1805 3988 vir,
1843 3899 2158 3975 Ithacam
2197 3916 2279 3975 ut
2307 3903 2616 3996 videret,

721 4160 738 4194 ι
780 4137 954 4224 idqu'e.
1031 4161 1053 4197 2
1090 4157 1231 4211 hinc.
1309 4166 1330 4202 ³
1368 4164 1534 4216 latius.
