3131 5032
1168 472 1306 538 Lux.
1357 473 1490 555 111,
1552 477 1680 557 20,
1733 479 1835 540 46.
2359 480 2491 545 659

507 678 659 759 quid
687 680 753 737 in
781 680 905 758 ipsa
932 678 1244 739 sententia.
1266 709 1344 722 —
1363 678 1435 736 ln
1466 677 1749 737 extremis
1768 677 1967 738 verbis
1996 677 2176 738 huius
2202 678 2319 740 loci
2345 655 2479 742 inu·

506 783 627 842 tilis
673 781 1061 862 interpolatio
1092 788 1216 855 est,
1260 782 1603 861 publicam,
1642 779 1808 860 quod
1847 781 2056 841 vocab.
2090 781 2244 841 adeo
2280 783 2344 843 in
2376 784 2474 844 ed.

503 884 673 945 Rom.
712 893 840 963 post
877 884 1150 944 habemus
1183 883 1461 962 ponitur:
1503 884 1644 943 satis
1678 891 1808 943 erat
1831 883 2098 964 publicis
2132 885 2345 946 literis.
2560 883 2563 886 ’

581 989 744 1066 apud
773 1008 918 1067 quos
946 987 1390 1067 monophylaces
1423 984 1721 1063 ementur)
1775 986 2153 1064 Quamquam
2191 988 2473 1049 universe

504 1088 759 1149 Graecos
802 1089 1101 1169 appellat,
1140 1088 1527 1167 similemque
1572 1094 1924 1167 potestatem
1956 1087 2023 1146 iu
2057 1088 2192 1147 aliis
2224 1108 2473 1169 quoque

497 1189 781 1251 Graeciae
831 1191 1176 1251 civitatibus
1238 1189 1419 1250 fuisse
1477 1190 1790 1268 cognitum
1856 1198 1976 1264 est,
2039 1199 2240 1251 tamen
2304 1192 2475 1253 haud

496 1292 762 1353 alienum
806 1301 894 1353 est
942 1292 1228 1371 suspicari
1276 1292 1541 1352 Athenas
1575 1292 1638 1350 in
1674 1292 1887 1371 primis
1920 1292 2270 1371 cogitavisse
2304 1294 2469 1355 Cice·

493 1413 724 1454 ronem.
804 1393 921 1452 Sed
967 1393 1221 1452 florente
1256 1412 1326 1452 ea
1358 1394 1605 1453 civitate
1636 1394 1836 1453 nullos
1871 1393 2052 1454 fuisse
2086 1394 2469 1472 magistratus

489 1494 602 1574 qui
626 1494 1096 1573 Nomophylaces
1121 1494 1598 1572 appellarentur,
1635 1495 1772 1554 satis
1802 1513 1970 1553 nuno
2003 1503 2265 1555 constat.-
2301 1496 2464 1560 conf.

492 1605 772 1658 accurate
819 1597 1130 1675 disputans
1179 1595 1435 1656 Meierus
1480 1596 1592 1656 Lit.
1629 1595 1749 1654 Att.
1786 1615 1845 1672 p.
1881 1595 1982 1656 70.
2020 1614 2149 1674 sqq.
2232 1598 2464 1675 Igitur,

495 1718 688 1777 quum
759 1717 974 1777 magna
1045 1696 1442 1758 admiratione
1494 1696 1778 1755 Demetrii
1837 1696 2101 1756 Phalerii
2159 1706 2465 1760 teneretur

492 1800 702 1861 Cicero
733 1800 917 1881 (conf.
953 1819 1131 1880 supra
1169 1799 1269 1875 11,
1308 1798 1443 1880 26),
1485 1798 1783 1860 credibile
1824 1806 1911 1858 est
1945 1818 2089 1859 eum
2124 1800 2466 1880 significare

490 1903 745 1963 voluisse
804 1923 935 1963 eam
987 1909 1339 1981 potestatem
1356 1946 1373 1976 ,
1426 1920 1589 1981 qnae
1639 1901 1718 1961 ab
1768 1901 1878 1962 illo
1921 1901 2130 1961 fuisset
2173 1900 2465 1963 instituta.

488 2001 699 2084 Neque
742 2005 924 2085 plane
971 2005 1239 2066 concedo
1270 2005 1369 2064 vel
1405 2004 1627 2065 Meiero
1665 2003 1708 2064 l.
1743 2023 1798 2064 o.
1818 2050 1835 2078 ,
1876 2004 1976 2063 vel
2009 2004 2428 2065 Schoemanno
2442 2051 2462 2082 ‚

489 2106 727 2167 Comitt.
767 2125 809 2186 p
835 2104 970 2180 *119
1009 2114 1072 2167 et
1097 2106 1396 2186 Antiquit.
1427 2107 1552 2166 lur.
1585 2105 1756 2167 Publ.
1788 2106 1889 2166 Gr.
1909 2105 2111 2184 p.299
2128 2152 2145 2182 ‚
2185 2105 2477 2167 eamdem·

489 2215 839 2285 potestatem
885 2209 1078 2290 legum
1121 2209 1472 2268 tuendorum
1505 2208 1700 2267 *fuisse
1744 2209 1865 2267 iam
1916 2206 2168 2267 Athenis
2209 2208 2466 2271 florente

488 2309 875 2369 democratia.
973 2309 1246 2368 Primum
1311 2329 1381 2369 ea
1402 2355 1420 2384 ,
1476 2328 1636 2387 qnae
1698 2316 2251 2370 commemorantur
2301 2310 2468 2391 apud

486 2409 736 2470 Suidam
788 2426 847 2468 v.
903 2412 964 2468 ot
1005 2413 1440 2484 νομοφύλακες,
1500 2427 1601 2469 eos
1644 2409 1904 2487 coegisse
1958 2408 2224 2488 reliquos
2274 2413 2465 2489 magi·

486 2518 703 2572 stratus
753 2508 990 2589 legibus
1039 2510 1488 2591 obtemperare,
1553 2519 1683 2570 tum
1740 2530 1880 2570 oum
1932 2509 2211 2589 -proedris
2249 2511 2467 2573 sedisse

486 2615 552 2673 in
602 2612 1031 2689 concionibus,
1084 2620 1154 2673 ut
1198 2633 1300 2674 eos
1344 2612 1714 2691 impedirent
1755 2613 2143 2689 ὄπιψηφὶζειν
2179 2612 2291 2695 (sic
2324 2615 2463 2693 lege

482 2735 594 2794 pro
646 2712 954 2795 ψηφίζειν)
1004 2713 1054 2773 si
1102 2712 1257 2792 quid
1305 2713 1380 2773 iis
1416 2721 1525 2773 ant
1567 2720 1779 2773 contra
1822 2712 2020 2791 loges,
2063 2722 2171 2773 aut
2203 2715 2473 2776 noxium»

482 2816 714 2876 civitati
770 2815 918 2875 ferri
974 2815 1287 2875 videretur
1303 2862 1320 2892 ‚
1378 2834 1623 2894 prorsus
1672 2814 2062 2874 adversantur
2094 2814 2202 2890 iis,
2238 2815 2465 2894 quibus

482 2936 660 2979 causa
687 2918 930 2997 imperii
961 2917 1267 2997 popularis
1299 2917 1742 2977 continebatur.
1825 2914 1977 2976 Aliis
2003 2916 2263 2976 vinculis
2295 2925 2467 2978 tene·⁴

482 3021 706 3079 bantur
736 3019 982 3099 proedri
1001 3065 1019 3094 ‚
1057 3019 1251 3079 veluti
1286 3019 1558 3093 mulctis,
1596 3025 1665 3078 ut
1702 3018 1767 3076 in
1799 3016 1932 3095 lege
1964 3017 2127 3095 apud
2157 3017 2458 3081 Demosth.

477 3120 733 3182 Timocr.
771 3141 832 3200 p.
849 3120 991 3182 706.
1019 3120 1156 3196 fin„
1196 3127 1327 3180 tum
1361 3124 1712 3198 παρανόμων
1748 3126 1962 3197 γραφῇ,
1998 3137 2120 3196 qua
2158 3137 2281 3178 una
2313 3138 2460 3180 oon·

481 3224 664 3285 tineri
726 3223 1158 3283 democratiam
1215 3221 1483 3302 disputat
1543 3222 1870 3281 Aeschines
1933 3220 2135 3280 Contr.
2193 3221 2456 3301 ctesiph.

480 3326 653 3403 init.;
713 3325 792 3386 cs.
851 3324 1151 3385 Demosth.
1206 3324 1462 3384 Timocr.
1508 3343 1572 3402 p.
1621 3323 1764 3386 748.
1817 3323 1977 3383 med.
2024 3323 2342 3386 Theocrin.
2394 3343 2456 3404 p.

483 3427 670 3503 1333,
721 3426 876 3488 adeo
922 3435 1025 3503 ut,
1077 3428 1128 3486 si
1183 3427 1319 3486 talis
1354 3434 1608 3504 potestas
1654 3425 1897 3500 suisset,
1948 3425 2254 3486 sublatum
2305 3434 2459 3487 esset

483 3526 638 3587 illud
659 3573 675 3601 ,
727 3528 894 3607 quod
945 3537 1241 3608 perpetuo
1294 3529 1617 3588 tenebatur
1636 3574 1652 3597 ‚
1708 3531 1812 3587 τὸν
1854 3530 2037 3601 δῆμον
2070 3532 2182 3585 τῶν
2225 3532 2454 3587 πάντων

483 3636 686 3706 κύριον
759 3628 916 3689 εἶναι
937 3677 950 3694 ,
1021 3631 1187 3710 quod
1257 3632 1452 3710 ipsum
1522 3637 1594 3689 ut
1657 3629 2068 3703 obtineretur,
2143 3627 2455 3708 Areopago

480 3729 782 3810 Ephialtes
822 3730 992 3790 illam
1035 3734 1352 3794 censuram
1394 3732 1738 3792 ademerat:
1790 3739 1973 3809 atque
2015 3729 2168 3791 haec
2216 3739 2304 3791 est
2344 3733 2451 3792 illa

482 3840 656 3905 ἰσχύς
694 3837 805 3891 τῶν
838 3837 1055 3907 νόμων,
1089 3853 1276 3913 quam
1310 3834 1748 3911 elegantissimo
1776 3833 1912 3893 loeo
1950 3853 2134 3912 penes
2173 3834 2452 3894 iudicum

480 3936 836 4015 religionem
870 3954 995 3995 esse
1021 3935 1391 3995 demonstrat
1416 3934 1841 3997 Demosthenes
1872 3935 2012 3996 uid.
2046 3954 2107 4012 p.
2147 3934 2285 3995 586.
2346 3936 2451 3995 la·-
2536 3974 2543 3981 ·

481 4040 634 4098 tems
662 4036 912 4117 quidem
943 4038 1052 4117 qui
1085 4044 1417 4105 servarent,
1453 4038 1574 4098 illis
1603 4037 1973 4116 temporibus
2000 4036 2203 4096 nullos
2233 4035 2414 4097 fuisse
2434 4085 2450 4111 ‚

479 4136 616 4201 satis
650 4140 1048 4219 intelligimus
1070 4141 1146 4200 e'x
1173 4139 1522 4201 Nicomachi
1547 4139 1779 4199 iudicio
1808 4138 1971 4216 apud
2005 4138 2256 4216 Lysiam.
2339 4132 2455 4199 Sed

2046 4238 2123 4298 42
2141 4243 2172 4274 *
