3131 5032
1145 443 1288 509 Lm.
1336 444 1428 528 11,
1477 453 1544 530 5,
1604 445 1700 512 ιι.
2280 451 2402 516 481

451 651 586 729 Ing.
635 647 800 724 XVI,
861 649 916 709 1.
967 647 1120 707 Plin.
1170 647 1316 727 Epp.
1359 647 1536 725 VIII,
1579 648 1657 724 2,
1700 649 1760 710 6.
1841 650 1970 710 Non
2010 654 2254 730 agnovit
2291 654 2408 715 hoc

453 755 735 814 Goerenz.
771 751 839 811 in
875 750 1001 812 Fin.
1037 750 1144 827 IV,
1192 751 1298 826 17,
1341 752 1437 813 47.
1469 753 1583 812 in.:
1616 753 1834 813 melius
1865 754 2056 815 Beier.
2082 757 2160 816 ad
2193 757 2406 837 fragm.

451 879 544 938 pr.
579 857 777 917 Tullio
815 876 876 934 p.
921 855 1018 915 65.
1052 855 1118 912 h:
1162 854 1323 915 conf.
1359 855 1584 935 Inttpp.
1621 855 1700 916 ad
1734 858 1862 917 Liv.
1897 858 1991 934 11,
2033 859 2143 935 48,
2189 861 2248 923 2.
2281 862 2406 940 111,

452 961 561 1038 40,
614 961 707 1021 11.
748 959 973 1033 XXIII,
1018 958 1124 1032 11,
1170 956 1265 1017 12.

533 1066 749 1144 quibus
782 1064 936 1123 scita
971 1059 1400 1142 describuntur)
1479 1060 1751 1140 Expressi
1797 1063 2118 1125 lectionem
2153 1066 2298 1128 Cod.
2333 1069 2406 1144 C,

452 1187 573 1226 non
616 1175 812 1226 reete:
867 1165 1001 1224 iura
1046 1163 1213 1223 enim
1258 1162 1686 1224 describuntur
1703 1211 1721 1239 ‚
1763 1186 1884 1226 non
1917 1167 2083 1227 scita.
2118 1199 2198 1211 ——
2233 1171 2407 1244 Quod

452 1290 593 1330 mox
628 1269 692 1327 in
729 1268 906 1327 Editt.
943 1266 1207 1345 antiquis
1235 1277 1339 1324 aut
1362 1274 1501 1325 ante
1529 1269 1759 1326 oriatur
1780 1267 2107 1347 omittitur,
2150 1269 2218 1329 id
2243 1293 2412 1333 nuno

450 1370 819 1451 praesidium
859 1369 1042 1430 habet
1083 1369 1148 1427 in
1187 1367 1251 1428 Ε.

532 1477 673 1533 item
727 1493 908 1551 quum
957 1473 1028 1529 in
1080 1471 1312 1529 homine
1358 1482 1443 1530 est
1475 1474 1745 1552 perfecta
1779 1476 1847 1532 in
1883 1487 2069 1533 mente
2104 1476 2417 1559 sapientis)

453 1577 550 1636 Sic
600 1575 814 1655 optimi
865 1574 1011 1633 libri
1064 1574 1221 1649 mei,
1281 1573 1398 1632 nisi
1447 1575 1615 1652 quod
1664 1596 1775 1654 pro
1826 1598 2006 1656 quum
2039 1581 2316 1659 estquod
2349 1581 2416 1640 in

454 1679 497 1739 C
536 1680 608 1738 E:
669 1679 863 1738 multo
911 1676 1116 1756 plures
1165 1676 1391 1736 habent
1443 1678 1746 1755 vulgatam
1797 1679 2155 1758 lectionem,
2213 1683 2422 1745 addito

455 1795 541 1844 est
575 1791 706 1861 post
731 1782 1020 1862 perfecta.
1102 1779 1432 1858 Madvigius
1465 1780 1803 1843 Emendatt.
1840 1802 1899 1860 p.
1927 1783 2006 1844 63
2031 1788 2420 1863 comparatio·

452 1905 596 1945 nem
648 1884 805 1944 male
852 1883 1078 1943 habere
1129 1881 1496 1943 demonstrat
1511 1907 1529 1960 5
1586 1882 1805 1942 subiici
1850 1886 2016 1945 enim
2053 1888 2310 1964 debere,
2354 1890 2420 1949 in

454 1988 704 2049 homine
754 1987 953 2065 Iegem
1006 2007 1125 2045 esse
1177 1993 1443 2045 mentem
1499 1987 1815 2064 sapientis,
1857 1987 2012 2064 sive,
2054 1991 2220 2068 quod
2258 1992 2423 2052 idem

456 2101 572 2168 est,
613 2093 678 2151 in
707 2099 911 2150 mente
943 2089 1226 2168 sapientis
1237 2135 1255 2165 ‚
1297 2109 1422 2149 non
1446 2092 1779 2170 perfectam
1811 2112 1932 2151 esse
1966 2093 2031 2152 in
2066 2113 2149 2153 m.
2183 2115 2261 2154 ιε
2301 2096 2423 2155 exi·

456 2197 776 2273 stimatque
811 2194 918 2252 has
954 2192 1333 2253 difficultates
1376 2192 1666 2253 Rathium
1697 2195 2052 2272 removisse,
2095 2198 2209 2258 hae
2245 2199 2429 2260 inter·

460 2298 793 2378 punctione
845 2297 1156 2370 restituta,
1213 2299 1356 2354 item
1372 2342 1391 2370 ‚
1444 2318 1579 2356 cum
1626 2299 1696 2355 in
1740 2297 1972 2359 homine
2015 2313 2101 2361 est
2124 2305 2432 2382 perfecta,

464 2401 535 2457 in
581 2409 767 2456 mente
813 2399 1099 2475 capientis
1131 2408 1233 2456 est.
1315 2396 1429 2455 Sed
1466 2417 1733 2476 quaero,
1774 2401 1924 2478 quid
1960 2403 2036 2460 sit
2072 2403 2230 2463 illud
2263 2407 2430 2484 quod

463 2499 802 2581 perfeetum
841 2519 963 2558 esse
993 2497 1331 2578 postulatur
1370 2498 1436 2558 in
1467 2499 1756 2560 homine?
1813 2504 1979 2562 Mem
2012 2505 2272 2585 intelligi
2309 2530 2435 2570 non

464 2611 685 2683 potest:
726 2602 986 2661 oriretur
1017 2602 1181 2660 enim
1215 2601 1333 2676 sic,
1374 2621 1569 2679 quum
1600 2622 1770 2661 mens
1799 2613 1885 2664 est
1912 2606 2211 2684 perfecta,
2248 2618 2333 2669 est
2368 2612 2437 2670 in

462 2714 669 2766 mente
704 2703 1018 2782 sapientis:
1063 2722 1177 2762 nec
1211 2703 1277 2763 iu
1313 2703 1428 2764 hae
1458 2705 1865 2785 disputatione
1896 2729 2093 2788 mens,
2140 2713 2247 2773 sed
2284 2715 2438 2776 ratio

464 2810 693 2869 dicitur
723 2808 1026 2886 perfecta,
1071 2814 1140 2865 ut
1172 2827 1350 2886 supra
1383 2809 1441 2874 1,
1488 2808 1559 2884 6,
1609 2808 1701 2870 18.
1744 2810 1816 2886 7,
1858 2811 1957 2874 22.
2039 2817 2436 2894 Argumenta-

466 2913 554 2973 tio
587 2932 747 2991 quae
778 2912 880 2985 sit,
922 2910 1305 2988 perspicuum
1342 2919 1460 2988 θεὶς
1496 2912 1652 2971 sicut
1677 2933 1910 2974 summa
1935 2916 2040 2975 illa
2073 2926 2135 2976 et
2158 2921 2437 3000 princeps

464 3017 566 3076 lex
619 3022 706 3075 est
759 3014 826 3071 in
870 3025 1055 3073 mente
1109 3013 1342 3088 divina,
1381 3013 1466 3073 ita
1499 3034 1622 3093 qua
1658 3016 1934 3077 homines
1967 3026 2227 3080 utuntur
2262 3023 2433 3103 lege,

462 3140 531 3180 ea
574 3127 661 3179 est
708 3118 774 3177 in
822 3128 1008 3175 mente
1054 3116 1351 3195 sapientie.
1439 3117 1879 3196 Cot-rigandum
1933 3120 2213 3200 videtur,
2255 3128 2432 3203 item,

460 3241 641 3301 quum
694 3221 766 3276 in
821 3217 1054 3276 homine
1116 3229 1232 3293 est,
1279 3220 1553 3298 profecto
1605 3221 1674 3278 in
1721 3233 1908 3280 meme
1968 3226 2256 3304 sapientis
2310 3240 2433 3288 est.-

449 3325 717 3404 Μυσία
766 3319 891 3379 duo
945 3319 1174 3380 habent
1224 3320 1536 3399 Ambros.;
1587 3323 1691 3383 sed
1722 3326 1991 3404 profecto
2026 3329 2436 3392 concludendi

458 3426 820 3485 adverbium
861 3431 966 3483 est.
2073 3452 2074 3455 ¹

543 3550 691 3606 quae
744 3538 882 3586 sunt
929 3537 1123 3585 autem
1175 3528 1341 3586 varie
1391 3560 1473 3571 —
1523 3549 1736 3588 nomen
1792 3533 2011 3614 tenent)
2108 3536 2263 3598 Utile
2314 3541 2432 3600 erit

465 3629 743 3688 conferre
772 3629 1027 3688 similem
1064 3629 1531 3709 disputationem
1568 3632 1828 3693 Platonis
1856 3637 2034 3716 Legg.
2074 3639 2136 3715 Ι,
2178 3660 2238 3719 p.
2278 3642 2426 3721 630,

468 3732 533 3791 E.
570 3730 678 3804 IV,
713 3750 774 3809 p.
800 3730 950 3804 714,
982 3730 1044 3790 Β.
1076 3732 1228 3806 715,
1263 3733 1327 3791 Β.
1410 3735 1694 3794 Favorem
1720 3740 2007 3817 appellat,
2045 3750 2110 3800 ut
2144 3745 2235 3803 rei
2268 3744 2426 3806 Ievi-

468 3842 656 3893 tatem
692 3840 948 3892 notaret:
991 3832 1068 3891 οῖ.
1106 3854 1220 3910 pro
1255 3836 1411 3897 Sext.
1452 3838 1563 3914 54,
1610 3840 1744 3901 115.

551 3957 700 4015 quae
745 3935 984 4015 quidem
1038 3967 1117 3979 —
1168 3940 1456 4017 appellari
1496 3939 1712 4023 possit)
1807 3945 1999 4023 Astigi
2048 3946 2430 4008 Coniunctivi

469 4059 647 4100 usum
684 4037 750 4096 iu
785 4037 901 4097 hac
930 4036 1123 4098 forma
1155 4040 1352 4103 Sehol.
1384 4044 1676 4133 Hypomn.
1712 4046 1777 4123 1,
1818 4067 1877 4126 p.
1921 4048 2056 4110 134.
2093 4070 2179 4129 eq.
2261 4052 2430 4113 Solus

464 4162 543 4202 ex
580 4142 730 4204 meis
761 4140 968 4201 Ambr.
1007 4144 1065 4217 β.
1103 4143 1283 4205 habet
1306 4160 1516 4226 polest.

2081 4255 2150 4314 31
