3131 5032
753 421 884 489 386
1442 418 1585 485 Lm.
1641 469 1663 502 ‚
1720 422 1831 502 13,
1881 424 1989 488 ³9.

752 625 884 687 fieri
931 644 1098 706 poene
1145 633 1215 685 ut
1266 643 1411 686 vera
1456 625 1594 686 sint.
1674 622 1895 684 Contra
1904 669 1924 700 ,
1964 624 2029 686 h.
2068 625 2111 686 1.
2147 628 2588 706 argumentatio
2622 638 2711 690 eat

750 726 1174 808 hypothetica:
1232 725 1282 785 ei
1336 745 1481 786 vera
1527 725 1739 785 dicunt
1791 724 2109 804 Epicurei,
2149 728 2449 791 abstinere
2486 730 2712 793 debent

756 832 833 892 ab
867 833 1034 892 omni
1083 830 1363 891 societate
1396 830 1485 890 rei
1523 828 1843 909 publicae,
1883 849 2083 909 neque
2119 850 2227 892 noc
2267 833 2329 893 in
2361 835 2477 895 hac
2511 835 2710 915 diupu-

752 935 980 994 tatione
1029 934 1428 995 morabuntur
1449 979 1470 1011 ,
1523 931 1688 1012 quod
1737 933 1824 992 sic
1875 941 2340 995 consentaneum
2379 946 2467 997 eet
2501 958 2713 999 eorum

752 1038 1027 1118 reliquae
1075 1037 1425 1098 sententiae.
1506 1036 1793 1096 Similiter
1845 1035 1973 1096 rin.
2023 1036 2083 1095 ΙΙ
2103 1049 2139 1114 ,’
2170 1037 2251 1097 25
2268 1084 2287 1115 ,
2329 1038 2410 1100 80
2428 1085 2446 1114 ,
2486 1052 2719 1118 tamus

749 1144 808 1200 εἰ
844 1143 986 1203 haec
1033 1162 1169 1200 vera
1214 1152 1351 1200 eunt
1397 1137 1581 1220 (nihil
1617 1142 1776 1198 enim
1820 1138 2102 1219 affirmo),
2151 1161 2274 1200 non
2314 1145 2463 1203 eatis
2504 1155 2714 1205 acauno

752 1246 909 1316 fuit:
962 1243 1066 1304 sed
1106 1263 1422 1323 perperam
1457 1243 1614 1302 mihi
1649 1241 1892 1303 videtur
1926 1242 2255 1322 Madvigius
2288 1245 2353 1305 in
2385 1246 2484 1310 hi·
2513 1248 2712 1309 verbis

747 1451 890 1512 haec
929 1450 1322 1530 intelligenda
1354 1460 1502 1530 puto
1535 1449 1615 1509 de
1643 1450 2019 1512 humanitate
2051 1459 2113 1510 et
2145 1452 2428 1530 cqmitate
2463 1453 2708 1533 Epicuri

745 1555 814 1614 in
863 1555 1143 1615 amicitiis
1192 1554 1467 1632 tuendis;
1527 1553 1733 1634 itaque
1781 1573 1902 1613 non
1937 1565 2145 1614 acutus
2165 1557 2308 1636 suit
2321 1603 2341 1633 ,
2381 1560 2669 1637 quoniam
2683 1605 2704 1636 ,

745 1667 817 1720 ut
862 1660 1068 1738 paullo
1120 1666 1251 1738 poet
1299 1658 1449 1719 dicit
1466 1703 1485 1734 ,
1541 1657 1629 1717 sic
1673 1658 1803 1717 eius
1836 1656 1961 1718 vita
2006 1657 2310 1719 refellitur
2344 1662 2553 1723 oratio.
2630 1662 2705 1723 In

736 1760 870 1825 Fin.
905 1762 1015 1840 IV,
1061 1762 1132 1840 1,
1177 1763 1243 1839 l,
1283 1760 1709 1840 corrigendum
1756 1761 1910 1820 mihi
1952 1759 2195 1822 videtur
2236 1763 2347 1824 sic.
2390 1775 2513 1825 tam
2545 1767 2706 1824 enini

740 1867 1085 1949 diligenter,
1142 1877 1233 1942 et,
1287 1868 1348 1925 si
1397 1867 1595 1925 minue
1647 1885 1810 1941 vere,
1867 1862 2031 1945 (nam
2076 1866 2337 1927 nondum
2369 1869 2439 1928 id
2470 1869 2705 1948 quiden

741 1970 929 2029 audeo
979 1968 1195 2049 dicere)
1236 1969 1340 2028 aed
1383 1979 1579 2028 tamen
1620 1979 1892 2027 accurate
1925 1999 2007 2011 —
2031 1969 2361 2047 fundatam
2405 2001 2488 2015 --
2528 1971 2706 2032 δῶσι·-

729 2072 969 2153 plivium
1007 2092 1127 2130 non
1162 2082 1248 2130 est
1277 2072 1478 2152 facile
1520 2070 1893 2149 perdiscm:
1944 2070 2129 2132 Codd.
2173 2076 2284 2131 etei
2314 2075 2516 2134 minuc
2542 2094 2702 2134 vere.-

737 2173 998 2250 Hadvig.
1044 2192 1122 2232 ex
1172 2171 1322 2247 Eri„
1379 2170 1620 2249 opinor,
1664 2173 1929 2231 etiamsi:
1973 2171 2297 2252 additque,
2337 2178 2453 2236 etsi
2484 2176 2703 2255 signifi-

738 2294 913 2351 care,
969 2293 1094 2334 non
1139 2293 1278 2333 vere
1333 2271 1650 2332 fundatam
1687 2292 1810 2333 esee
1846 2273 2262 2353 disciplinam,
2305 2279 2543 2338 etiamsi
2577 2286 2707 2338 tan·

735 2386 869 2437 tum
914 2376 1170 2436 dubium
1217 2375 1335 2436 hoc
1380 2376 1749 2454 relinquere.
1830 2376 1914 2436 De
1958 2387 2292 2457 postremo,
2334 2388 2404 2439 ut
2440 2380 2705 2441 modeste

732 2477 970 2557 dicam,
1012 2479 1247 2540 dubito.
1295 2477 1657 2559 videturque
1704 2478 1857 2539 mihi
1907 2479 2347 2543 dubitationem
2381 2483 2703 2583 significari
2743 2540 2760 2554 .

734 2583 925 2644 solere
972 2583 1366 2644 Coniunctivo
1400 2580 1478 2643 ad
1516 2584 1753 2642 etiamsi
1791 2583 2057 2661 adiecto,
2096 2605 2221 2646 non
2251 2586 2389 2666 ipe&
2487 2607 2525 2649 c
2552 2598 2706 2650 eon-

736 2686 1077 2746 innctione:
1117 2686 1305 2764 igitur
1333 2686 1564 2746 Senect.
1597 2685 1708 2761 22,
1738 2684 1848 2761 79,
1884 2687 2145 2748 eumdem
2171 2690 2367 2770 igitur
2413 2676 2708 2772 minum)

742 2811 863 2848 esse
901 2788 1174 2848 creditoie
1192 2834 1210 2863 ,
1250 2790 1487 2848 etiamsi
1511 2789 1744 2848 nullum
1773 2790 2090 2867 videbitis,
2131 2792 2364 2852 nullam
2391 2793 2704 2855 continent

737 2891 1205 2952 dubitationem:
1262 2899 1470 2951 contra
1523 2892 1655 2952 Nat.
1703 2891 1770 2952 Β.
1818 2891 1849 2950 1
1866 2937 1884 2968 ,
1938 2892 2054 2969 39,
2099 2893 2242 2970 110,
2284 2916 2435 2975 quae
2469 2899 2704 2958 etiamsi

736 3007 925 3056 essent
940 3040 960 3071 ‚
1002 3015 1151 3075 quae
1194 2994 1362 3053 nulla
1406 3005 1546 3054 sum
1561 3041 1580 3070 ‚
1625 2993 2068 3056 dubitationem
2111 3017 2254 3058 cum
2289 3002 2668 3062 conceoeione
2682 3046 2701 3077 ,

736 3118 861 3159 esse
883 3117 1080 3178 posse,
1117 3098 1454 3157 continent:
1490 3098 1861 3178 omninoque
1896 3102 2172 3180 exempla
2205 3102 2368 3182 apud
2402 3104 2702 3166 Handium

733 3201 983 3263 Tursell.
1018 3201 1100 3262 11.
1138 3222 1198 3280 p.
1235 3198 1372 3262 588.
1407 3220 1536 3281 sqq.
1573 3202 1713 3261 satis
1747 3202 2036 3263 evincunt
2054 3250 2073 3281 ,
2115 3206 2250 3282 vel,
2290 3226 2435 3267 cum
2466 3207 2701 3267 Indica·

732 3307 857 3369 tivo
889 3306 1022 3388 (qui
1056 3323 1513 3384 nonnumquam
1545 3304 1612 3364 in
1646 3305 1948 3384 pendente
1983 3309 2412 3371 enunciatione
2443 3310 2702 3371 Coniun-

734 3409 932 3471 ctivus
983 3408 1084 3485 fit,
1142 3416 1211 3468 ut
1241 3407 1439 3486 Ligar.
1475 3407 1514 3468 8
1533 3453 1551 3484 ,
1610 3406 1750 3491 25),
1796 3418 2029 3472 certum
2074 3429 2277 3473 casum
2319 3421 2425 3473 aut
2465 3420 2707 3492 tempu·

734 3511 1027 3587 indicari,
1085 3511 1183 3572 vel
1203 3558 1221 3588 ,
1277 3531 1420 3572 cum
1465 3510 1860 3573 Coniunctivo
1877 3560 1895 3589 ‚
1954 3514 2256 3575 incertum
2302 3517 2446 3595 poni
2476 3536 2698 3579 casum.

735 3617 902 3691 Quae
945 3617 994 3675 ei
1036 3635 1180 3676 vera
1226 3622 1403 3692 eunt,
1444 3623 1584 3675 ntro
1629 3616 1810 3677 modo
1845 3617 2117 3697 legatur,
2159 3622 2273 3679 etsi
2299 3622 2501 3680 mim
2533 3640 2701 3696 vere,

734 3741 814 3780 an
849 3721 1112 3795 etiamsi,
1151 3720 1484 3780 necessario
1514 3719 1884 3798 significatur
1913 3741 2033 3779 non
2068 3742 2199 3781 vere
2211 3723 2544 3804 fundatam
2579 3745 2697 3783 em

732 3825 1151 3906 disciplinam,
1191 3822 1256 3882 id
1283 3824 1448 3903 quod
1478 3824 1729 3884 minime
1753 3825 1817 3883 in
1851 3823 2026 3884 illum
2061 3825 2267 3885 locum
2296 3826 2480 3889 cadit.
2561 3826 2696 3885 Alia

731 3929 811 3989 de
857 3949 1068 4006 causa,
1126 3927 1233 3987 sed
1277 3926 1489 3988 eodem
1542 3927 1758 4004 modo,
1815 3927 2243 4006 corrigendum
2293 3927 2361 3987 in
2414 3929 2581 3992 Tunc.
2616 3928 2697 4005 V,

740 4032 847 4107 12,
888 4031 997 4109 34,
1039 4042 1131 4107 et,
1170 4032 1229 4090 si
1262 4030 1427 4089 Zeno
1478 4029 1706 4091 Citieus
1738 4062 1817 4074 —
1851 4031 2116 4106 videtur,
2158 4030 2337 4089 kuina
2381 4033 2700 4092 sententiae

728 4140 999 4219 gravitas
1033 4161 1137 4195 ··-.·
1178 4135 1245 4195 in
1279 4134 1503 4215 quibus
1537 4135 1695 4196 nibil
1734 4134 2105 4198 contrarium
2140 4135 2286 4215 poni
2317 4136 2701 4201 manifestum
