3131 5032
1374 517 1468 594 9⁷

538 730 635 800 Μ.
693 730 837 799 Vos
889 726 1213 819 demum,
1264 743 1346 801 ut
1389 726 1638 818 vide0,
1689 728 1920 826 legem
1965 731 2386 825 antiquastis
2456 734 2543 795 38·

438 846 597 916 sine
640 842 920 917 tabella.
1015 842 1153 917 Sed
1192 869 1359 945 ego,
1410 849 1548 920 etsi
1591 850 1759 920 satis
1795 846 1976 920 dixit
2016 868 2151 947 pro
2188 869 2263 919 se
2310 850 2391 919 in

438 962 579 1035 illis
603 962 805 1036 libris
826 968 1095 1065 Scipio,
1128 978 1368 1039 tamen
1397 966 1802 1040 libertatem
1837 970 2044 1040 istam
2075 976 2092 1015 ¹
2128 965 2394 1064 largior

437 1081 743 1182 populo,
779 1096 864 1155 ut
902 1088 1328 1159 auctoritate
1362 1098 1434 1158 et
1471 1085 1786 1178 valeant,
1820 1101 1895 1160 et
1928 1098 2227 1159 utantur
2262 1082 2395 1158 bo·

436 1206 554 1274 nis
579 1211 633 1274 ².
716 1206 833 1275 Sic
864 1206 1057 1275 enim
1079 1228 1122 1276 a
1155 1227 1271 1278 me
1297 1208 1591 1279 recitata
1613 1205 1728 1278 lex
1748 1216 1857 1278 est
1878 1205 1971 1278 de
2002 1201 2392 1304 suffragiis:

436 1321 897 1420 optimatibus
949 1337 1119 1394 nota
1133 1377 1157 1412 ,
1198 1321 1400 1421 plebi
1444 1321 1668 1396 libem
1703 1338 1931 1397 sunto.
2030 1325 2234 1415 Quae
2280 1322 2394 1398 lex

438 1439 631 1514 hanc
669 1445 1098 1515 sententiam
1146 1446 1499 1534 continet,
1547 1457 1634 1517 ut
1669 1466 1924 1516 omnes
1960 1440 2153 1541 leges
2187 1444 2392 1516 tolle·

437 1573 552 1632 ret
612 1585 801 1657 quae
851 1576 1102 1660 postea
1159 1559 1339 1636 latae
1386 1577 1594 1653 sunt,
1644 1586 1832 1661 quae
1885 1574 2142 1662 tegunt
2188 1568 2392 1635 omni

437 1683 720 1752 ratione
759 1678 1215 1778 suffragium,
1278 1703 1372 1754 ne
1416 1686 1585 1780 quis
1638 1684 1968 1781 inspiciat
2028 1680 2394 1774 tabellam,

438 1822 537 1871 ne
591 1813 827 1897 roget,
885 1824 978 1873 ne
1033 1800 1379 1900 appellet;
1429 1816 1690 1902 pontes
1739 1804 1957 1874 etiam
2008 1800 2123 1874 lex
2170 1806 2396 1875 Maria

435 1918 612 1993 fecit
645 1933 1015 2018 angustos:
1064 1945 1251 2018 quae
1288 1924 1350 1993 si
1390 1925 1723 2021 opposita
1754 1931 1925 1992 sunt
1958 1920 2392 2011 ambitiosis,
2462 1945 2551 2000 89,

437 2052 522 2112 ut
567 2053 738 2110 sunt
783 2038 963 2129 fere,
1014 2063 1162 2112 non
1209 2037 1696 2139 reprebendo:
1747 2042 1858 2110 sin
1893 2037 2245 2111 valuerint
2288 2050 2394 2113 ta·-

442 2182 612 2231 men
653 2166 682 2207 ⁸
744 2156 935 2259 leges
995 2174 1081 2232 ut
1136 2180 1228 2232 ne
1286 2162 1425 2229 sim
1482 2157 1838 2246 ambitus,
1906 2157 2168 2230 habeat
2224 2182 2396 2232 sane

439 2277 757 2380 populus
795 2277 1127 2351 tabellam
1164 2281 1369 2375 quasi
1403 2277 1761 2350 vindicem
1788 2275 2170 2367 libertatis,
2194 2276 2397 2350 dum·

440 2398 663 2471 modo
704 2397 883 2471 haec
930 2402 1211 2499 optimo
1249 2400 1514 2494 cuique
1547 2411 1620 2470 et
1656 2399 2070 2495 gravissimo
2108 2399 2247 2469 civi
2284 2422 2397 2470 os·

442 2515 782 2592 tendatur
830 2515 1171 2615 ultroque
1234 2514 1613 2609 offeratur3
1662 2532 1746 2589 ut
1790 2521 1910 2590 ine
1950 2527 1979 2569 ⁴
2035 2520 2130 2589 sit
2172 2520 2332 2617 ipso
2365 2534 2393 2574 ⁸

439 2638 770 2729 libertaS,
826 2642 901 2709 in
950 2663 1102 2737 quo
1143 2637 1418 2738 populo
1460 2652 1778 2738 potestas
1822 2637 2128 2711 honeste
2179 2636 2394 2711 bonis

438 2758 891 2859 gratifioendi
939 2757 1172 2831 datur.
1269 2762 1519 2855 quue
1570 2781 1768 2829 nunc
1813 2755 1900 2829 fit
1937 2755 2143 2847 illud,
2193 2752 2394 2854 quod

436 2906 487 2953 a
519 2894 594 2952 te
632 2878 880 2969 mod0,
914 2879 1216 2970 Quinte,
1248 2875 1526 2950 dictum
1558 2889 1695 2966 est,
1731 2890 1816 2947 ut
1851 2879 2090 2946 minus
2129 2874 2395 2947 multos

441 2995 702 3071 tabella
746 2996 1182 3071 condemnet
1231 3019 1452 3092 quam
1499 2991 1777 3066 solebat
1826 3016 1997 3082 vox;
2047 2994 2217 3088 quia
2266 3016 2394 3091 po-

432 3115 617 3217 pulo
652 3116 867 3190 lieere
897 3120 1066 3189 satis
1096 3129 1226 3188 est.
1304 3119 1460 3187 Hoc
1487 3125 1810 3196 retento,
1842 3110 2121 3208 reliqua
2151 3110 2393 3183 volun·

439 3233 551 3311 tas
594 3239 1005 3310 auctoritati
1054 3247 1181 3308 aut
1222 3236 1492 3331 gratiae
1531 3230 1860 3305 traditur.
1967 3236 2254 3327 Itaque,
2308 3245 2392 3303 ut

437 3361 767 3430 omittam
790 3355 1168 3452 largitione
1194 3365 1534 3453 corrupta
1567 3350 1942 3450 suffragia,
1980 3374 2129 3422 non
2161 3350 2388 3440 vides,

436 3480 502 3549 si
563 3474 860 3575 quando
927 3473 1243 3546 ambitus
1292 3472 1527 3561 sileat,
1594 3475 1847 3568 quaeri
1900 3472 1978 3541 in
2030 3467 2389 3568 suffragiis

436 3595 616 3694 quid
656 3597 917 3695 optimi
957 3598 1088 3666 viri
1126 3590 1478 3666 sentiant?
1522 3590 2020 3682 Quamobrem
2058 3589 2216 3690 lege
2260 3616 2391 3664 no·

437 3728 587 3788 stra
611 3713 959 3788 libertatis
994 3715 1268 3814 speeies
1304 3709 1555 3798 datur,
1603 3713 1991 3783 auctoritas
2021 3709 2387 3784 bonorum

435 3838 825 3925 retinetur,
872 3834 1360 3922 contentionis
1397 3854 1608 3904 oeusa
1639 3828 1941 3904 tollitur.

498 4142 517 4177 ¹
566 4141 720 4193 istam
779 4140 1069 4198 libert-tem
1130 4145 1218 4196 ita.
1315 4146 1341 4183 ²
1390 4142 1536 4196 boni.
1634 4143 1659 4180 ⁸
1707 4151 1926 4194 tanturn.
2025 4139 2050 4179 ὁ
2098 4148 2153 4190 ut
2204 4138 2261 4188 in
2309 4153 2398 4190 oo.

430 4225 460 4262 ⁸
505 4224 639 4295 ipsa.

2008 4337 2046 4408 7
