3131 5032
772 424 904 490 sos
1471 423 1612 492 Lm.
1658 424 1759 511 11,
1803 431 1880 512 9,
1929 428 2035 495 22.

775 634 1091 711 inaquam,
1127 631 1207 692 ad
1233 631 1479 692 alteram
1504 633 1767 712 speeiem
1793 632 2031 712 generis
2054 631 2433 711 restringere.
2492 631 2740 693 Exsistit

774 742 977 795 autem
1026 754 1099 794 ex
1152 734 1522 814 Madvigiana
1580 736 1841 797 lectione
1900 735 2053 798 haee
2108 735 2263 796 mira
2313 736 2735 816 praecipiendi

773 839 956 914 ratio,
1018 862 1049 896 »ι
1068 836 1227 898 ludis
1286 838 1549 918 publicis
1563 884 1584 916 ,
1643 840 1751 918 qui
1813 839 2108 900 oireenses
2154 838 2276 898 sint
2290 884 2311 915 ‚
2356 840 2732 919 ‘popularem

774 941 1112 1002 »laetitiam
1163 941 1228 1001 in
1273 950 1460 1003 oantu
1509 940 1920 1004 moderanto.''
2016 942 2148 1002 Duo
2184 941 2342 1002 mihi
2376 962 2728 1021 persuasum

772 1054 860 1105 est
899 1045 1132 1125 requiri
1172 1046 1236 1104 in
1282 1045 1450 1124 lege:
1504 1044 1810 1126 primum,
1864 1052 1936 1106 ut
1973 1045 2148 1106 initio
2178 1052 2511 1124 utrumque
2538 1064 2730 1124 genus

768 1145 1056 1207 ludorum
1072 1146 1250 1228 (oiroi
1276 1153 1338 1205 et
1373 1142 1610 1226 caveae)
1626 1153 2030 1208 memoretur:
2074 1156 2204 1208 tum
2239 1154 2311 1208 ut
2338 1148 2435 1208 vel
2471 1147 2538 1207 in
2565 1155 2730 1209 utro-

769 1269 893 1330 que
941 1269 1172 1329 genere
1187 1295 1207 1326 ,
1266 1249 1364 1308 vel
1427 1250 1495 1309 in
1542 1259 1760 1312 neutro
1821 1250 2141 1312 adiiciatur
2157 1297 2177 1328 ,
2233 1251 2592 1330 quibusnam
2651 1251 2728 1311 in

767 1354 949 1413 rebus
981 1354 1432 1413 moderationem
1470 1353 1641 1413 illam
1676 1355 1900 1414 versari
1933 1361 2223 1434 oporteat.
2299 1355 2433 1415 Iam
2464 1356 2526 1414 in
2556 1374 2724 1416 oom-

765 1455 1058 1537 positione
1086 1456 1270 1517 huius
1294 1455 1416 1516 loci
1439 1457 1577 1517 iure
1598 1456 1916 1536 displieere
1941 1466 2088 1538 puto
2117 1458 2260 1536 hoo,
2289 1458 2485 1539 quod,
2514 1465 2726 1518 eontra

767 1579 999 1621 morem
1051 1559 1340 1620 sermonis
1369 1559 1438 1620 iu
1471 1560 1568 1620 his
1600 1560 1836 1639 legibus
1866 1569 2167 1622 servatum
2184 1607 2203 1637 ‚
2232 1561 2509 1641 pluribus
2538 1561 2726 1621 inter·

764 1664 967 1743 positis
1035 1663 1469 1742 disiunguntur
1518 1683 1555 1724 a
1606 1682 1671 1723 se
1724 1663 1988 1724 invicem
2035 1665 2380 1746 popularem
2436 1665 2728 1724 laetitiam

762 1769 1116 1827 moderante.
1214 1768 1448 1842 Quaero
1507 1775 1817 1846 praeterea
1835 1813 1854 1843 ‚
1914 1766 2066 1846 quid
2117 1767 2195 1826 sit
2239 1788 2383 1848 pop.
2434 1767 2728 1828 laetitia-⁸

764 1882 943 1931 cantu
977 1905 1056 1917 --
1089 1870 1405 1931 moderari.-
1446 1889 1560 1930 nee
1592 1890 1832 1949 prorsus
1858 1870 2009 1930 haec
2032 1878 2347 1950 superatur
2376 1869 2724 1947 difficultas,

761 1973 986 2034 adscita
1026 1993 1294 2052 praepos.
1315 2018 1334 2048 ‚
1389 1975 1459 2032 in
1505 1986 1704 2034 cantu.
1784 1974 1932 2034 Nam
1951 2021 1969 2051 ,
2011 1994 2135 2052 quo
2174 1974 2354 2035 modo
2391 1974 2726 2054 Madvigius

762 2084 963 2137 tamen
1003 2076 1312 2136 constituit
1345 2076 1585 2151 locum,
1626 2094 1819 2155 quum
1855 2077 2167 2157 popularis
2210 2077 2441 2138 laetitia
2472 2076 2551 2138 ad
2587 2078 2724 2138 uni·

760 2199 999 2239 versum
1034 2198 1225 2258 genus
1257 2178 1525 2238 ludorum
1539 2180 1916 2258 publicorum
1946 2179 2160 2239 referri
2190 2179 2406 2240 debeat
2421 2225 2440 2255 ‚
2479 2181 2724 2259 probari

759 2302 883 2343 non
936 2289 1124 2361 potest
1174 2288 1245 2341 ut
1291 2281 1399 2342 illa
1447 2282 1721 2341 omnium
1769 2281 2056 2342 ludorum
2090 2283 2320 2343 laetitia
2348 2281 2562 2363 (igitur
2595 2283 2722 2343 Cir·

757 2386 1028 2446 censium
1090 2381 1361 2464 quoque)
1410 2393 1657 2464 regatur
1710 2388 1781 2444 in
1832 2397 2014 2445 cantu
2076 2394 2192 2447 oet.
2204 2430 2224 2462 ,
2282 2384 2510 2466 quippe
2560 2405 2723 2465 quae

755 2498 1049 2570 postrema
1100 2508 1225 2549 non
1272 2487 1389 2548 nisi
1433 2487 1510 2548 ad
1547 2487 1798 2549 alteram
1830 2488 2013 2550 totius
2049 2489 2286 2568 generis
2315 2496 2548 2569 partem
2582 2508 2720 2568 per·

757 2593 974 2655 tinent.
1027 2593 1160 2653 Non
1184 2592 1367 2651 nimis
1390 2591 1727 2651 violentum
1751 2592 2120 2668 remedium,
2145 2612 2348 2672 spero,
2375 2591 2716 2668 videbitur,

755 2698 805 2758 si
855 2698 964 2757 ista
1020 2700 1088 2756 in
1141 2708 1321 2757 cantu
1352 2727 1434 2740 --
1471 2696 1676 2771 tibiis,
1718 2696 1946 2775 quippe
1980 2695 2178 2755 alieno
2220 2695 2354 2756 loeo
2384 2695 2610 2774 posita,
2644 2696 2717 2756 in

753 2820 932 2860 suum
986 2818 1337 2859 revocamus
1352 2845 1370 2875 ‚
1427 2798 1753 2878 locumque
1798 2799 1882 2858 sio
1925 2798 2368 2859 constituimus:
2412 2799 2568 2859 ludis
2587 2820 2719 2879 pu—

754 2903 965 2979 blicis,
1021 2903 1178 2983 quod
1224 2904 1351 2961 sive
1403 2902 1698 2963 curriculo
1755 2912 1813 2961 et
1862 2903 2176 2961 certatione
2234 2921 2535 2983 corporum
2582 2903 2714 2961 sive

753 3019 935 3070 cantu
985 3018 1042 3067 et
1076 3007 1312 3087 fidibus
1361 3018 1417 3066 et
1459 3007 1630 3067 tibiis
1661 3005 1781 3084 fiat
1794 3051 1812 3081 ‚
1853 3005 2198 3087 popularem
2243 3005 2533 3066 laetitiam
2582 3025 2715 3065 mo-

749 3111 1008 3173 Manto.

829 3226 1062 3296 praeter
1094 3247 1175 3262 —-
1201 3212 1474 3295 famulos
1514 3232 1721 3292 eosque
1763 3212 1942 3272 iustis
1975 3210 2205 3291 diebus)
2285 3209 2590 3272 Notandus
2622 3218 2714 3271 est

750 3338 922 3379 error
953 3318 1192 3395 Lagom.
1234 3316 1310 3377 10
1325 3361 1343 3390 ‚
1384 3315 1494 3394 qui
1523 3315 1702 3396 idque
1732 3334 1843 3394 pro
1875 3336 2081 3395 eosque
2115 3314 2297 3375 hahet
2313 3360 2332 3390 ‚
2373 3314 2712 3394 ignorantia

751 3419 1153 3502 exquisitioris
1199 3418 1569 3494 Latinitatis,
1623 3438 1698 3478 ex
1734 3437 1854 3497 qua
1886 3417 2049 3478 idem
2086 3417 2456 3497 significatur
2488 3437 2715 3497 prono-

752 3525 918 3584 mine
959 3523 1034 3583 ad
1075 3542 1296 3582 nomen
1335 3521 1696 3582 antecedens
1734 3521 2201 3582 accommodato.

832 3625 946 3704 qui
976 3623 1238 3705 clepet-it)
1320 3625 1539 3704 Clepsit
1564 3622 1830 3702 praefert
1858 3621 2188 3701 Madvigius
2219 3621 2297 3681 ad
2325 3621 2453 3684 Fin.
2483 3640 2546 3699 Ρ.
2562 3619 2713 3697 748,

749 3747 836 3807 sq.
857 3772 875 3802 ‚
919 3733 985 3785 ut
1018 3725 1211 3786 forma
1245 3726 1567 3785 conveniat
1594 3743 1735 3785 oum
1777 3725 2001 3804 rapuit.-
2043 3726 2309 3805 clepserit
2340 3724 2716 3785 Hei-mannus

749 3829 1117 3911 praetulerat
1152 3828 1365 3909 Opuso.
1397 3828 1522 3904 111,
1557 3848 1617 3907 p.
1660 3827 1812 3905 119,
1845 3847 2027 3907 quam
2060 3827 2315 3890 formam
2348 3835 2552 3888 tamen
2586 3847 2713 3887 non

751 3935 1095 3996 invenimus
1143 3952 1217 3993 ex
1270 3931 1401 3992 ullo
1453 3929 1672 3992 Codioe
1725 3938 2116 3992 memoratam
2170 3932 2237 3991 in
2288 3930 2456 3991 Livio
2514 3930 2711 4006 xxn,

754 4039 830 4101 10
845 4086 863 4116 ,
907 4041 963 4099 5.

827 4143 1087 4222 parim-ii
1137 4170 1219 4185 ——
1270 4137 1538 4218 dedecus)
1638 4137 1809 4200 liaud
1863 4137 2087 4199 leviora
2129 4156 2312 4218 quam
2353 4134 2601 4197 Beierus
2633 4134 2713 4195 ad
