3131 5032
1579 460 1675 533 86

1478 714 1787 758 §00ae

445 931 587 986 vm.
757 925 1066 993 Domum
1097 940 1257 990 oum
1289 911 1502 991 laudo
1530 910 1882 993 oedwnto.
1952 906 2150 987 Nihil
2179 909 2376 980 enim
2406 926 2615 1005 praep

504 1002 592 1062 18·

522 3324 612 3380 19.

659 1052 773 1111 ter
807 1037 1097 1112 laudem
1144 1036 1360 1110 bonis
1397 1047 1622 1131 atque
1658 1029 2206 1118 innocentibus,
2255 1050 2496 1126 neque
2520 1050 2613 1099 ex

659 1157 992 1232 hostibus
1041 1176 1286 1255 neque
1319 1178 1361 1228 a
1392 1155 1609 1226 sociis
1646 1148 2187 1250 reportandum.

757 1285 908 1353 Iam
938 1276 1116 1350 illud
1149 1289 1482 1376 apertum
1518 1286 1630 1349 est
1657 1269 2025 1372 profecto,
2059 1266 2241 1340 nibil
2276 1290 2430 1340 esse
2463 1279 2625 1337 turo.

659 1401 827 1499 pius
867 1422 1089 1495 quam
1131 1409 1244 1468 est
1284 1416 1726 1492 quemquam
1755 1409 1777 1449 1
1820 1389 2045 1489 legari
2071 1390 2209 1461 nisi
2238 1391 2348 1460 rei
2376 1384 2622 1487 publi·-

660 1542 788 1592 cae
819 1541 1051 1591 musa.
1149 1517 1430 1587 Omitto
1457 1508 2078 1611 quemadmodum
2108 1511 2230 1580 isti
2263 1531 2341 1579 se
2370 1517 2625 1605 gerant

662 1652 886 1736 atque
907 1639 1262 1736 gesserint
1274 1686 1296 1725 ‚
1328 1637 1463 1735 qui
1482 1632 1845 1731 legatione
1860 1628 2293 1705 hereditates
2313 1642 2440 1700 aut
2460 1650 2626 1724 syn-

662 1756 972 1858 graphas
1000 1780 1164 1830 suas
1184 1766 1728 1854 persequuntur
1742 1778 1765 1824 ε
1800 1754 1876 1823 in
1901 1748 2326 1823 hominibus
2346 1760 2457 1820 est
2476 1745 2631 1821 hoc

663 1876 968 1953 fortasse
987 1878 1268 1949 vitium:
1291 1870 1420 1945 sed
1439 1894 1716 1969 quaero
1736 1867 1917 1967 quid
1934 1893 2182 1969 reapse
2201 1871 2298 1940 sit
2317 1869 2631 1966 turpius,

663 2020 886 2093 quam
907 1998 1065 2067 sine
1082 2004 1554 2092 procuratore
1568 2003 1603 2045 ²
1621 2005 1915 2067 senator
1937 1988 2239 2086 legatus,
2261 1989 2422 2059 sine
2440 2009 2633 2058 man·

664 2115 879 2205 datis,
927 2117 1085 2186 sine
1120 2112 1271 2185 ullo
1303 2114 1409 2185 rei
1436 2107 1771 2211 publicae
1805 2107 2151 2181 munere?
2207 2104 2430 2197 Quod
2463 2107 2633 2202 qui-⁸

666 2233 838 2308 dem
874 2258 1104 2334 genus
1140 2231 1517 2330 legationis
1554 2253 1695 2329 ego
1725 2228 2015 2319 consul,
2063 2251 2509 2326 quamquam
2537 2222 2633 2298 ad

670 2352 1141 2431 commodum
1176 2363 1468 2425 senatus
1491 2352 1863 2452 pertinere
1884 2346 2354 2439 videbatur,
2290 2359 2318 2403 ⁸
2388 2361 2630 2419 tamen

669 2470 1121 2574 approbante
1149 2484 1403 2546 senatu
1426 2468 2052 2567 frequentissimo,
2084 2471 2226 2541 nisi
2253 2466 2434 2540 mihi
2457 2465 2634 2540 levis

673 2590 1011 2664 tribunus
1064 2589 1293 2689 plebis
1341 2604 1500 2662 tum
1546 2590 2101 2678 intercessisset,
2161 2587 2630 2660 sustulissem.

672 2716 909 2785 Minui
966 2726 1211 2783 tamen
1265 2723 1589 2808 tempus,
1641 2718 1717 2781 et
1760 2704 1962 2805 quod
2022 2722 2178 2788 erat
2228 2706 2647 2798 infinitum,

675 2856 1002 2905 annuum
1033 2828 1192 2904 feei.
1291 2835 1397 2902 Ita
1432 2826 1818 2927 turpitudo
1841 2841 2120 2919 manet,
2158 2827 2637 2901 diuturnitate

675 2951 978 3026 sublata.
1075 2949 1215 3023 Sed
1251 2953 1425 3039 iam,
1473 2951 1538 3020 si
1569 2947 1838 3047 placet,
1878 2945 1973 3019 de
2006 2950 2399 3046 provinciis
2428 2947 2641 3021 dece-

676 3071 927 3163 datur,
975 3074 1055 3143 in
1092 3067 1502 3166 urbemque
1548 3066 1911 3142 redeatur.
2008 3073 2153 3148 Δῐῐ.
2204 3066 2433 3150 Nobis
2466 3091 2642 3141 vero

678 3193 944 3293 placet:
993 3189 1125 3263 sed
1176 3193 1293 3280 iis,
1343 3192 1476 3286 qui
1527 3190 1607 3260 in
1651 3191 2041 3286 provinciis
2091 3202 2293 3280 sunt,
2341 3191 2644 3262 minime

681 3311 937 3413 placet.
1037 3312 1135 3382 Μ.
1184 3312 1276 3381 At
1315 3332 1526 3395 vero,
1576 3310 1767 3398 Tite,
1817 3312 1878 3381 si
1915 3307 2280 3408 parebunt
2319 3306 2433 3381 his
2468 3308 2645 3407 legi-

681 3429 851 3522 bus,
900 3428 1083 3501 nihil
1131 3432 1270 3501 erit
1304 3431 1390 3502 iis
1420 3426 1640 3519 urbe,
1687 3425 1874 3500 nihil
1904 3427 2128 3501 domo
2165 3454 2297 3502 sua
2328 3427 2645 3519 dulcius,

682 3575 821 3624 nee
857 3549 1290 3623 laboriosius
1321 3547 1842 3647 molestiusque
1877 3551 2267 3648 provincia.

781 3668 923 3743 Sed
951 3672 1283 3767 sequitur
1319 3667 1471 3758 lex,
1500 3692 1689 3766 quae
1723 3672 1952 3742 sancit
1984 3692 2146 3752 eam
2181 3667 2645 3741 tribunorum

685 3791 918 3892 plebis
958 3802 1422 3889 potestatem,
1451 3813 1641 3886 quae
1677 3802 1785 3861 est
1815 3792 1893 3860 in
1925 3812 2007 3862 re
2042 3788 2336 3890 publica
2366 3804 2646 3881 nostra3

687 3912 783 3986 de
827 3936 974 4009 qua
1015 3909 1268 3984 disseri
1318 3907 1503 3982 nihil
1545 3933 1836 3983 neeesse
1875 3923 2007 3983 est.
2105 3912 2195 4002 Q.
2232 3914 2326 3985 At
2360 3910 2645 3992 meher-

754 4181 772 4217 ¹
809 4191 968 4245 quam
1003 4177 1326 4247 quempiam.
1397 4180 1422 4217 ²
1458 4177 1836 4247 prosumnus.
1910 4181 1939 4218 ὃ
1970 4177 2220 4232 viduatur.
