3131 5032
730 429 861 493 346
1435 427 1581 494 Lm.
1632 425 1697 511 1,
1743 426 1822 510 8,
1870 425 1979 494 25.

724 653 982 714 magna,
1039 653 1223 712 neque
1274 644 1391 693 tam
1418 631 1731 713 praeclara
1778 629 2059 689 ducebat.-
2096 627 2265 689 Tunc.
2306 627 2374 705 1,
2419 628 2530 705 13,
2569 630 2690 708 30,

722 736 880 814 quod
901 735 1066 797 nulla
1092 747 1384 818 genestum
1402 735 1544 813 sera
1561 779 1580 809 ‚
1612 755 1780 794 nemo
1810 734 2073 792 omnium
2106 742 2227 792 tam
2257 732 2341 792 sit
2366 735 2686 794 immanis.-

718 858 831 917 pro
866 839 1014 899 Sull.
1052 840 1170 916 27,
1213 840 1330 916 76,
1371 861 1558 919 neque
1594 839 1719 898 ulla
1762 858 1911 919 gem
1948 846 2068 896 tom
2101 836 2385 913 barbara,
2425 848 2531 896 aut
2565 848 2690 898 tam

720 945 1001 1003 immanis
1053 965 1331 1023 umquam
1366 944 1540 1024 fuit:
1597 940 1754 1001 Phil.
1804 939 1896 1015 II,
1943 938 2053 1014 13,
2096 937 2212 1015 33,
2253 941 2362 1018 qui
2407 941 2570 1000 loom
2600 950 2689 1000 est

719 1056 825 1105 aut
877 1057 997 1105 tam
1041 1047 1297 1106 decerem
1316 1093 1333 1123 ‚
1375 1057 1481 1105 aut
1530 1056 1652 1105 tam
1688 1043 2065 1102 inhumanus.
2094 1074 2174 1086 —
2203 1042 2334 1102 Mox
2352 1088 2371 1118 ‚
2410 1042 2576 1124 quod
2607 1062 2687 1104 ex

717 1148 1011 1208 Lactantii
1066 1148 1250 1211 Codd.
1305 1154 1601 1208 memorat
1651 1146 1958 1220 Davisius,
1997 1146 2229 1225 qualem
2267 1145 2505 1222 haberi,
2545 1147 2686 1208 ideo

719 1251 1001 1310 vitiosum
1054 1260 1172 1327 est,
1228 1251 1390 1331 quod
1442 1271 1519 1310 ex
1574 1249 1890 1310 antecedd.
1951 1248 2286 1309 necessario
2344 1249 2684 1312 subiectum

716 1350 1107 1429 cogitandum
1144 1358 1259 1426 est,
1303 1350 1766 1411 onilnfinitivus
1780 1349 2029 1411 Activus
2059 1351 2575 1430 accommodetur3
2615 1351 2686 1413 id

716 1454 883 1533 quod
932 1474 1057 1515 non
1105 1453 1323 1515 cadero
1373 1462 1524 1533 puto
1577 1455 1644 1513 in
1693 1475 1794 1516 eos
1844 1454 2005 1515 locos
2024 1499 2043 1529 ,
2101 1474 2252 1533 qnos
2304 1454 2686 1534 collegerunt

723 1566 853 1617 tum
892 1556 1027 1632 alii,
1070 1565 1201 1617 tum
1239 1556 1571 1635 Madvigius
1610 1556 1689 1617 ad
1727 1557 1857 1617 Fin.
1897 1556 1986 1631 11,
2026 1554 2098 1631 7,
2137 1555 2238 1617 21.
2278 1576 2338 1635 p.
2380 1556 2517 1618 178.

797 1659 841 1741 §
882 1660 982 1722 25.
1063 1680 1135 1718 ex
1169 1681 1284 1739 quo
1313 1660 1573 1739 efficitur
1599 1659 1777 1741 illud)
1853 1659 2115 1740 Ponitur
2140 1659 2291 1721 haee
2322 1660 2586 1722 formula
2615 1660 2683 1722 in

715 1772 985 1825 extrema
1016 1764 1429 1825 conclusione:
1473 1764 1641 1826 unde
1675 1771 1923 1844 apparet
1954 1783 2273 1843 perperam
2306 1783 2341 1823 a
2376 1763 2687 1824 nonnullis

718 1865 966 1926 defendi
997 1866 1065 1925 in
1095 1866 1227 1927 Nat.
1246 1866 1314 1927 1).
1335 1867 1393 1942 1,
1413 1868 1480 1944 5,
1504 1867 1607 1943 12,
1637 1889 1711 1927 ex
1738 1887 1852 1946 quo
1885 1868 2121 1927 exsistit
2152 1878 2209 1926 et
2239 1865 2431 1926 illud:
2467 1885 2682 1928 verum

718 1968 874 2028 vidit
910 1968 1169 2029 Orellins
1181 2015 1202 2045 ,
1242 1970 1727 2048 particulamque
1758 1982 1815 2030 et
1845 1969 2064 2031 omisit.

800 2083 868 2131 ut
917 2073 975 2131 ia
1024 2085 1307 2153 agnoscat
1341 2074 1514 2132 deum
1545 2106 1629 2117 —
1654 2085 1711 2133 et
1744 2073 2052 2155 agnoscat)
2130 2072 2215 2132 De
2246 2070 2447 2150 primo
2478 2077 2542 2132 et
2570 2089 2685 2151 po-

717 2183 939 2235 stremo
968 2174 1157 2236 verbo
1188 2175 1373 2236 huius
1405 2177 1738 2236 sententiae
1785 2172 2118 2258 (agnoscat)
2154 2174 2316 2235 nihil
2352 2174 2565 2234 stabile
2596 2180 2686 2235 ost

718 2279 785 2339 in
837 2276 1053 2338 Codd.:
1095 2286 1223 2338 tam
1269 2278 1555 2358 proclivis
1604 2286 1693 2339 est
1739 2278 2013 2339 confusio
2050 2277 2373 2338 verborum
2414 2295 2648 2338 ”oseem
2662 2317 2683 2351 ,

722 2402 1093 2463 cognoscere,
1150 2402 1461 2463 agnoscere
1477 2427 1497 2457 ‚
1554 2383 1857 2463 ignoscere
1871 2405 1892 2439 .·
1949 2380 2029 2441 of.
2083 2379 2317 2440 Cortius
2359 2378 2440 2440 ad
2471 2379 2682 2440 Salust.

722 2483 960 2545 Catilin.
995 2482 1215 2562 XXXV,
1230 2484 1294 2548 2.
1323 2483 1460 2546 Var.
1480 2485 1645 2548 Lect.
1669 2485 1738 2546 in
1760 2484 1880 2546 Cio.
1899 2484 2059 2544 Orat.
2079 2485 2160 2545 55
2176 2530 2196 2561 ,
2219 2482 2356 2546 183.
2396 2482 2683 2545 Goerenz.

718 2588 798 2649 ad
846 2586 1030 2649 Aoad.
1082 2588 1180 2663 11,
1241 2588 1271 2647 1
1292 2634 1312 2665 ,
1374 2589 1428 2650 1.
1527 2587 1960 2650 Verumtamen
2009 2587 2222 2663 negari
2269 2587 2486 2666 nequit
2532 2585 2684 2646 ferri

717 2712 843 2752 non
895 2711 1063 2770 posse
1111 2698 1182 2751 ut
1232 2691 1397 2751 idem
1436 2711 1547 2771 per
1595 2692 1761 2753 idem
1810 2692 2148 2770 explicetur
2163 2735 2183 2766 ‚
2222 2688 2577 2769 dicaturque
2608 2698 2681 2750 ut

715 2796 774 2855 io
807 2805 1093 2876 agnoscat
1124 2827 1204 2839 —
1240 2796 1349 2874 qui
1381 2806 1683 2877 agnoscat.
1763 2794 1836 2854 Et
1866 2794 2160 2855 sententia
2201 2793 2492 2872 postulat,
2531 2812 2681 2872 quo-

718 2895 884 2956 niam
950 2894 1132 2956 modo
1185 2895 1660 2958 demonstratum
1717 2904 1806 2957 est
1858 2914 2066 2957 omnes
2112 2895 2392 2956 homines
2450 2894 2679 2956 habere

715 3001 983 3080 aliquam
1032 2999 1307 3060 notitiam
1360 2999 1496 3074 dei,
1549 3020 1718 3063 nune
1752 3007 1821 3059 ut
1854 2998 2093 3059 dicatur
2127 2997 2295 3058 unde
2325 2998 2434 3059 illa
2463 2997 2677 3060 notitia

714 3105 945 3165 oriatur
961 3149 978 3179 ,
1020 3112 1127 3164 aut
1172 3123 1296 3184 quo
1336 3103 1584 3163 nitatur.
1665 3103 2041 3182 Quapropter
2069 3100 2400 3180 legendum
2433 3100 2678 3162 videtur

714 3207 865 3289 (quo
918 3206 1157 3267 ducunt
1208 3207 1456 3286 vestigia
1505 3205 1665 3268 Voss.
1715 3204 1758 3264 C
1775 3251 1795 3282 ,
1845 3214 1907 3267 et
1948 3205 2133 3266 Burn.
2169 3207 2207 3265 δ
2222 3250 2243 3279 ,
2281 3217 2351 3266 ue
2380 3202 2679 3287 ἰςκωοαί)

713 3323 784 3371 ut
832 3313 890 3370 is
936 3322 1143 3371 noscat
1191 3310 1396 3385 deum,
1454 3309 1496 3369 i.
1542 3328 1598 3370 e.
1631 3308 1912 3370 notitiam
1943 3308 2166 3369 habeat
2198 3308 2336 3385 dei,
2373 3308 2481 3388 qui
2506 3338 2589 3355 —-
2618 3317 2678 3367 ee

716 3424 1020 3496 agnoscat.
1099 3410 1266 3472 Plato
1316 3412 1493 3491 Legg.
1525 3411 1598 3471 X.
1633 3430 1696 3490 p.
1729 3410 1869 3474 899.
1902 3411 1986 3487 D,
2027 3403 2071 3470 ὦ
2115 3411 2291 3489 «ionga
2329 3413 2399 3484 Oq*
2438 3413 2667 3486 φῶμεν.

720 3519 814 3576 ὅτι
865 3513 972 3591 μὲν
1023 3514 1152 3593 ἡγεῖ
1190 3519 1403 3582 &sotim
1461 3515 1761 3594 ξυγγένειά
1802 3538 1895 3581 τις
1944 3516 2089 3580 ἴσως
2130 3537 2201 3575 σε
2233 3520 2384 3576 θεία
2420 3516 2565 3593 πρὸς
2602 3516 2681 3574 τὸ

718 3623 1014 3695 &immor
1054 3617 1183 3696 ἄγει
1225 3624 1402 3697 τιμᾷν
1442 3625 1544 3678 καὶ
1584 3622 1849 3697 νομίζειν
1888 3615 2068 3679 εἶναι.
2430 3618 2517 3665 ·¹··'

799 3740 984 3799 neque
1010 3721 1132 3781 alio
1155 3722 1277 3781 ullo
1305 3723 1551 3803 ingenio
1571 3721 1900 3803 praeterea)
1975 3721 2062 3782 De
2084 3719 2298 3782 ordine
2320 3717 2681 3795 verbm-um,

721 3826 845 3886 alio
875 3826 1029 3901 ullo,
1064 3843 1212 3903 prae
1243 3825 1466 3901 altero,
1505 3826 1629 3886 ullo
1662 3828 1823 3903 alio,
1864 3845 2047 3905 quem
2079 3824 2203 3884 mei
2236 3843 2484 3904 quoque
2513 3821 2676 3885 dete·

719 3928 905 3989 riores
926 3927 1071 3988 libri
1096 3927 1352 4003 hahent,
1384 3929 1524 3989 satis
1547 3937 1919 3989 monuerunt
1945 3928 2061 3988 viri
2089 3927 2271 3989 docti.
2351 3925 2674 4001 Quaeritur

720 4052 798 4092 an
849 4039 1014 4093 recte
1059 4031 1420 4110 praepositio
1451 4032 1762 4093 omittatur
1792 4031 1886 4113 (in
1925 4034 2171 4114 ingenio
2182 4028 2239 4111 P)
2277 4030 2396 4107 Qui
2429 4028 2674 4090 dubim-

724 4142 903 4207 runt,
936 4142 1004 4194 ut
1020 4133 1315 4210 Davisius,
1343 4143 1738 4197 oon-exerunt
1760 4136 1830 4195 in
1854 4156 2086 4216 genere.
2167 4133 2383 4211 Recte,
2415 4139 2670 4212 utputo:
