3131 5032
1602 395 1740 469 184

1079 605 1235 673 §25-

648 794 848 846 etenim
875 808 996 843 eum
1028 791 1276 862 pietatem
1305 788 1497 841 habere
1524 787 1614 841 10.

649 901 755 997 qu:
783 896 958 936 tamen
979 882 1158 951 pietati
1186 880 1424 932 adhiberi
1453 881 1500 932 A
1528 879 1613 930 11.

648 1027 755 1079 quo
796 1020 970 1061 tamen
1014 1009 1261 1077 pietatem
1307 1006 1345 1057 Β
1387 1006 1430 1058 D
1477 1022 1511 1054 α
1543 1009 1587 1069 β
1619 1022 1645 1054 ε

721 1103 808 1154 39.
839 1103 925 1154 58.
956 1102 1041 1154 65.
1072 1102 1160 1154 96.
1195 1099 1256 1150 Β.

649 1210 754 1261 quo
781 1202 956 1244 tamen
984 1192 1172 1261 pietate
1202 1188 1244 1242 C
1276 1189 1338 1241 Β.

700 1283 801 1331 quod

649 1351 754 1402 quo
786 1343 961 1383 autem
988 1350 1043 1397 r.

651 1426 837 1477 iubent
863 1422 1186 1493 significatur
1208 1422 1296 1474 10.

651 1515 963 1586 probitatem
1006 1514 1051 1566 A
1082 1513 1120 1564 Β
1157 1510 1199 1564 C
1228 1515 1269 1563 1)
1297 1511 1337 1563 E
1370 1514 1412 1572 β
1442 1509 1530 1562 11.
1559 1510 1649 1562 39.

723 1607 809 1658 47.
850 1608 937 1658 48.
982 1606 1070 1658 58.
1115 1606 1203 1657 65.
1246 1603 1336 1655 96.
1376 1600 1499 1655 122.
1524 1599 1650 1652 124.

716 1700 841 1751 126.
877 1697 940 1751 Β.

649 1792 766 1845 deis
795 1790 859 1844 C.

651 1883 782 1953 quid
822 1883 967 1934 enim
1001 1888 1349 1950 paupertatem
1382 1877 1429 1929 A.
1461 1877 1499 1928 Β
1530 1876 1576 1931 C
1605 1877 1647 1928 1¹.

726 1992 761 2024 α
809 1974 847 2023 δ
894 1974 981 2025 11.
1026 1974 1115 2025 39.
1161 1971 1247 2023 58.
1292 1970 1378 2022 65.
1413 1968 1650 2021 96.120.

723 2064 843 2115 127.
878 2060 947 2115 V.

649 2154 780 2224 quid
809 2164 887 2206 est
915 2153 1063 2205 enim
1089 2170 1146 2217 y.

653 2245 783 2316 quid
827 2254 905 2296 eat
945 2242 1092 2294 enim
1129 2258 1251 2293 eum
1295 2249 1651 2310 paupertatem

720 2336 921 2387 divitiis
946 2342 1010 2397 β.
1343 2327 1349 2334 ’

652 2426 785 2497 quid
819 2427 964 2476 enim
989 2442 1110 2477 eum
1138 2431 1489 2493 paupertatem
1517 2421 1583 2473 Β.

652 2518 788 2589 quit!
819 2519 977 2569 etiam
1007 2536 1056 2568 ε.

656 2610 749 2679 qui
793 2611 938 2661 enim
973 2616 1329 2679 paupertatem
1357 2623 1477 2658 eum
1505 2605 1654 2658 divi·
1699 2656 1704 2663 ,

724 2702 814 2752 tiis
854 2701 936 2753 10.

657 2802 710 2844 et
740 2792 877 2842 inter
901 2791 1144 2843 homines
1171 2792 1235 2845 1).

657 2882 930 2953 aequalem
961 2900 1074 2935 ease
1110 2902 1144 2934 α
1183 2883 1295 2936 10.

660 2973 902 3045 aequales
938 2975 1060 3027 120.

657 3083 752 3118 eur
784 3081 845 3116 ea
884 3066 968 3118 10.

659 3172 752 3208 eur
780 3158 938 3208 etiam
968 3154 1032 3208 C.

662 3247 898 3300 adhibito
927 3265 960 3312 r
994 3265 1018 3296 ε
1046 3247 1135 3299 39.
1164 3245 1251 3297 47.
1278 3243 1369 3300 48.
1397 3244 1513 3295 120.
1536 3244 1659 3296 124.

736 3340 855 3389 126.

666 3429 731 3481 ad
764 3445 901 3479 saera
933 3427 1149 3479 deorum
1179 3426 1349 3478 addita
1367 3426 1544 3479 additu
1573 3426 1660 3480 1⁰.

665 3520 912 3574 omnibus
941 3520 1105 3590 patrie
1138 3518 1203 3569 ad
1233 3535 1288 3571 ae
1321 3518 1385 3570 Β.

666 3591 751 3666 ῖῖι
787 3613 906 3664 126.

664 3704 806 3775 quod
835 3715 1007 3755 autem
1033 3701 1193 3753 habet
1214 3701 1374 3754 iudex
1401 3722 1460 3768 γ.

668 3815 776 3849 non
805 3795 964 3847 iudex
990 3795 1176 3846 sedena
1202 3796 1311 3864 ipse
1342 3794 1404 3847 G.

667 3905 776 3940 non
803 3887 961 3939 homo
992 3886 1219 3937 mendex
1250 3886 1338 3937 10.

666 3997 776 4031 non
806 3963 866 4029 hi
894 3978 1053 4029 iudex
1083 3996 1139 4029 α.

668 4073 780 4140 ipse
808 4052 1035 4122 mendox
1061 4072 1150 4120 10.

666 4163 991 4214 constituitur
1019 4170 1199 4229 putent
1238 4176 1376 4227 pene
1410 4158 1490 4209 10.

1708 619 1827 656 auca
1859 600 2016 673 (que)
2056 604 2143 656 10.

1706 693 2032 763 alienigenas
2064 693 2197 747 caeli
2226 692 2291 748 Ο.

1707 787 1912 855 ignoras
1947 786 2006 837 B.

1707 877 1884 946 ignota
1922 876 2006 928 10.

1705 1026 2014 1077 cerimoniae
2073 984 2522 1077 notneerdotibua
2572 1023 2621 1078 A
2664 1023 2708 1077 B

1777 1143 1822 1198 C
1860 1144 1900 1196 D
1939 1146 1999 1196 δ.
2092 1189 2100 1198 ,

1705 1236 2019 1287 cerimoniaa
2072 1253 2180 1289 nen
2226 1234 2572 1289 aaeerdotibua
2620 1238 2705 1290 11.

1776 1327 1865 1379 48.
1897 1328 1988 1380 65.

1706 1420 2017 1471 cerimonias
2074 1435 2188 1471 eaae
2253 1419 2600 1473 sacerdotibus
2657 1419 2703 1472 D

1777 1515 1819 1573 β
1857 1529 1883 1561 ε
1920 1511 2008 1561 47.
2037 1509 2160 1563 122.

1708 1617 1859 1654 notae
1890 1601 2238 1653 sacerdotibus
2270 1619 2304 1667 y
2333 1602 2423 1654 39.
2452 1602 2541 1655 96.
2566 1602 2636 1656 V.

1707 1710 2022 1802 cerimonia?
2045 1767 2198 1840 qnae?
2233 1750 2583 1804 sacerdotibus
2613 1767 2674 1802 α.

1710 1887 1860 1921 noaae
1889 1889 1918 1921 a
1949 1870 2299 1924 aaeerdotibua
2327 1870 2389 1922 Β.

1709 1977 1821 2013 eaae
1851 1979 1880 2013 a
1908 1961 2255 2013 moerdotibua
2286 1963 2376 2015 58.
2407 1960 2527 2012 120.

1709 2068 1863 2106 noaee
1893 2053 2216 2105 sacerdotum
2249 2051 2335 2103 10.

2128 2234 2295 2305 §2⁶-

1712 2433 1836 2468 nam
1862 2435 1891 2468 a
1925 2417 2157 2488 patribus
2184 2417 2274 2471 47.

1713 2526 1820 2561 non
1847 2509 2082 2580 patribus
2105 2509 2194 2560 39.
2226 2508 2314 2562 48.
2344 2507 2710 2562 65.122.12a.

1780 2601 1908 2654 126.
1948 2600 2069 2654 127.

1715 2695 1792 2745 ita
1818 2702 2049 2761 aeeeptoa
2078 2693 2166 2744 96.

1714 2783 1839 2835 huie
1864 2783 1982 2853 lege
2009 2783 2057 2837 A
2091 2782 2133 2835 C
2163 2783 2323 2836 1311.

1715 2885 1997 2947 paruerunt
2042 2874 2085 2926 D
2135 2881 2180 2940 ῥ’
2231 2874 2271 2925 δ
2318 2873 2408 2927 47.
2473 2875 2564 2927 58.
2593 2873 2713 2927 496.

1790 2967 1908 3019 122.
1944 2967 2008 3019 Β.

1717 3062 2007 3130 paraverint
2031 3060 2088 3112 B.

1717 3168 1900 3221 parum
1930 3149 2149 3203 delubra
2177 3149 2264 3202 11.
2291 3149 2381 3202 65.

1717 3253 1915 3312 patrem
1944 3241 2218 3294 delubrum
2248 3240 2316 3295 C.

1720 3333 1958 3385 delubria
1991 3334 2072 3385 10.

1721 3424 2033 3477 Xenocrates
2069 3424 2154 3476 10.

1721 3516 1799 3569 via
1832 3514 2124 3567 flammaue
2153 3513 2220 3568 Ο.
2329 3558 2338 3565 .

1720 3607 1978 3678 triplaque
2011 3605 2312 3677 (Graeciae)
2339 3606 2584 3659 dicuntur
2598 3606 2687 3660 10.

1722 3701 1970 3771 patientia
1998 3716 2056 3750 ae
2083 3698 2251 3750 libera
2275 3697 2335 3750 Β.

1724 3793 1821 3844 hae
1857 3792 2024 3843 libera
2057 3788 2122 3842 C.

1723 3895 1776 3935 et
1801 3882 1966 3934 libera
1993 3881 2056 3932 1).

1723 3988 2167 4042 quorumcumque
2197 3969 2286 4021 hie
2315 3968 2544 4021 mundus
2571 3985 2633 4020 α.

1722 4064 1951 4116 mundus
1979 4066 2153 4115 omnia
2182 4061 2270 4113 hie
2300 4062 2387 4112 58.

1724 4155 1978 4226 templum
2009 4166 2143 4209 aaut
2171 4164 2226 4206 et
2251 4152 2382 4205 dum
2413 4151 2479 4203 Β.
