3131 5032
539 2028 628 2082 22.

1635 491 1731 566 88

703 719 978 796 vetera,
1023 716 1147 777 aut
1190 704 1422 778 aliena
1461 700 1825 802 proferam
1871 705 2116 802 potius
2162 723 2384 799 quam
2415 693 2491 772 et
2525 725 2660 773 no·

701 838 852 907 stra
886 838 961 901 et
999 821 1355 898 recentia?
1408 823 1592 915 Quis
1628 843 1979 919 umquam
2012 833 2162 894 tam
2184 819 2459 911 audax,
2506 805 2658 893 tani

702 945 920 1018 nobis
949 945 1285 1016 inimicus
1307 956 1329 996 ¹
1374 939 1659 1031 fuisset,
1699 954 1783 1012 ut
1810 943 2158 1039 cogitaret
2191 963 2540 1038 umquam
2566 938 2660 1013 de

700 1077 892 1137 statu
954 1075 1209 1136 nostro
1270 1058 1806 1150 labefactando,
1868 1064 2004 1134 nisi
2059 1082 2484 1132 mucronem
2528 1056 2661 1131 ali-

700 1206 924 1281 quem
994 1179 1468 1254 tribunicium
1548 1181 1944 1253 exacuisset
2013 1181 2090 1251 in
2156 1178 2337 1250 nos?
2415 1178 2657 1270 Quem

697 1326 931 1400 quum
963 1299 1299 1373 homines
1331 1298 1658 1374 scelerati
1687 1322 1772 1372 ac
1795 1296 2059 1398 perditi
2085 1296 2488 1371 nonmodo
2513 1294 2659 1370 ulla

696 1423 772 1492 in
826 1419 1086 1509 domo,
1147 1417 1273 1491 sed
1320 1417 1518 1491 nulla
1567 1421 1644 1490 in
1680 1432 1898 1516 gente
1932 1420 2367 1520 reperirent,
2405 1428 2660 1515 gentes

696 1536 839 1610 sibi
882 1540 957 1610 in
1009 1535 1330 1609 tenebris
1368 1540 1474 1609 rei
1518 1536 1853 1637 publicae
1889 1533 2417 1637 perturbandas
2451 1548 2660 1634 puta-.

698 1669 985 1729 verunt.
1060 1654 1294 1747 Quod
1318 1654 1534 1728 nobis
1573 1656 1870 1753 quidem
1896 1659 2267 1755 egregium
2294 1669 2368 1728 et
2393 1652 2490 1729 ad
2520 1658 2658 1727 im-

697 1775 1209 1849 mortalitatem
1256 1778 1645 1848 memoriae
1689 1776 2118 1874 gloriosum,
2168 1778 2535 1848 neminem
2578 1776 2657 1848 iu

697 1920 834 1968 nos
859 1893 1194 1968 mercede
1222 1892 1365 1966 ulla
1390 1894 1768 1967 tribunum
1797 1900 2121 1995 potuisse
2148 1896 2482 1996 reperiri,
2515 1894 2658 1965 nisi

697 2017 818 2087 cui
876 2038 970 2086 ne
1028 2036 1180 2086 esse
1237 2011 1535 2110 quidem
1584 2013 1901 2088 licuisset
1955 2013 2291 2089 tribuno:
2355 2013 2484 2088 sed
2538 2011 2658 2086 ille

695 2157 878 2230 quas
921 2146 1193 2230 strages
1241 2130 1507 2205 edidit?
1556 2156 1677 2205 eas
1723 2132 2056 2208 videlicet
2105 2158 2288 2233 quas
2337 2136 2495 2207 sine
2543 2156 2659 2207 ra-

698 2256 899 2325 tione
964 2276 1051 2325 ac
1116 2254 1275 2324 sine
1335 2250 1483 2325 ulla
1542 2276 1674 2352 spe
1729 2251 1926 2327 bona
1981 2252 2229 2329 futura
2286 2250 2590 2327 reddere
2624 2260 2656 2303 ²

697 2375 942 2472 potuit
999 2375 1325 2471 impurae
1388 2368 1648 2445 beluae
1713 2372 2111 2446 multorum
2174 2371 2660 2447 inflammatus

695 2489 1088 2567 furoribus.
1187 2489 1684 2582 Quamobrem
1721 2494 1801 2565 in
1836 2495 1972 2568 ista
2007 2491 2306 2592 quidem
2341 2516 2422 2567 re
2448 2489 2661 2565 vehe-

695 2626 982 2686 menter
1038 2610 1304 2686 Sullam
1363 2610 1633 2712 prob0,
1696 2616 1828 2710 qui
1883 2613 2196 2687 tribunis
2247 2611 2479 2714 plebis
2525 2636 2659 2687 sua

695 2731 855 2831 lege
892 2735 1195 2806 iniuriae
1240 2729 1612 2805 faciendae
1650 2746 2081 2832 potestatem
2113 2732 2465 2807 ademerit
2480 2785 2503 2825 ,
2530 2757 2661 2807 au·-

696 2851 848 2930 xilii
894 2849 1177 2926 ferendi
1232 2851 1639 2949 reliquerit:
1700 2855 2274 2952 Pompeiumque
2325 2865 2660 2926 nostrum

701 2975 960 3047 ceteris
1001 2971 1222 3048 rebus
1257 2972 1603 3046 omnibus
1645 2997 1933 3071 semper
1971 2974 2428 3075 amplissimis
2464 2999 2661 3048 sum-

701 3095 988 3190 misque
1036 3090 1262 3165 effero
1304 3089 1669 3183 laudibus,
1728 3091 1821 3166 de
1872 3091 2259 3168 tribunicia
2302 3108 2660 3195 potestate

702 3226 938 3301 taceo;
989 3235 1128 3285 nec
1158 3213 1353 3285 enim
1389 3210 1927 3311 reprehendere
1956 3211 2170 3306 libet,
2199 3237 2341 3289 nec
2368 3213 2664 3289 laudare

700 3354 1022 3431 possum.
2204 3359 2209 3364 ·
2396 3359 2399 3362 ·
2624 3381 2627 3384 -

802 3454 900 3524 Μ.
940 3451 1129 3523 Vitia
1153 3447 1452 3547 quidem
1477 3449 1888 3526 tribunatus
1920 3453 2313 3553 praeclare,
2353 3456 2660 3548 Quinte,

705 3572 1070 3671 perspicis,
1158 3566 1294 3642 Sed
1319 3561 1438 3642 ‘est
1473 3573 1725 3669 iniqua
1762 3575 1837 3644 in
1876 3575 2082 3645 omni
2118 3598 2198 3647 re
2231 3573 2661 3667 accusanda,

702 3691 1229 3792 praetermissis
1306 3686 1519 3761 bonis
1569 3690 1955 3764 ·malorum
2033 3697 2482 3767 enumeratio
2538 3696 2661 3766 ’νί-

706 3814 1139 3908 tiorumque-
1198 3809 1513 3884 selectio.
1631 3813 1814 3885 Nam
1882 3813 2021 3885 isto
2079 3811 2380 3912 quidem
2435 3812 2661 3888 modo

704 3930 817 4004 vel
870 3929 1285 4007 consulatus
1338 3931 1736 4030 vituperest
1765 3947 1792 3988 ⁸
1808 3983 1830 4022 ‚
1892 3935 1951 4005 si
1998 3933 2410 4026 consulum,
2470 3957 2659 4034 quos

759 4191 777 4228 ¹
814 4187 1060 4242 inimicus
1095 4189 1267 4246 nobis.
1338 4194 1362 4234 ²
1400 4193 1540 4249 furor
1574 4192 1752 4249 odere.
1824 4197 1850 4236 ⁸
1885 4195 2248 4268 vituperabilis
2283 4208 2381 4253 est·
2424 4255 2433 4266 ,
