3131 5032
1039 466 1207 534 Lm.
1257 467 1355 549 11,
1413 469 1524 549 10,
1573 470 1680 537 25.
2222 471 2345 538 513

467 675 512 758 ς
545 675 646 738 26.
714 676 1001 756 pietatem
1026 687 1263 757 ςωωοι
1302 694 1424 736 esee
1454 673 1588 755 deo)
1664 673 1845 735 Nulla
1878 692 2058 736 causa
2086 684 2215 735 erat
2249 697 2346 736 va·

385 777 583 838 riundi
599 823 618 854 ,
649 785 745 855 ut,
766 796 928 857 quae
950 777 1157 855 modo,
1175 777 1333 839 sieut
1354 778 1422 838 in
1444 779 1573 857 ipsa
1595 777 1759 857 lege,
1783 778 1980 858 pietas
2002 777 2343 854 dicebatur,

385 901 552 942 nunc
592 882 863 962 probitas
925 882 1330 962 appellaretur
1347 927 1368 958 ,
1425 881 1721 942 vocabulo
1773 882 1841 941 in
1889 881 2004 943 hac
2055 884 2347 945 sententia

385 984 588 1046 minus
630 985 875 1065 proprio
897 1007 915 1043 ε
953 1004 1288 1065 numquam
1311 985 1620 1066 probitas,
1657 982 1762 1045 sed
1791 984 1992 1066 pietas
2021 985 2349 1064 coniungi-

384 1094 490 1148 tur
536 1107 679 1150 eum
724 1087 1019 1167 religione
1068 1095 1131 1149 et
1177 1086 1433 1150 deorum
1471 1086 1777 1167 opinione.
1855 1087 2144 1149 Salustius
2173 1088 2345 1151 Catil.

388 1191 537 1269 ΧΠ,
580 1191 651 1269 4,
691 1192 930 1253 delubro
975 1192 1213 1253 deorum
1233 1192 1491 1273 pietate,
1534 1191 1735 1252 domos
1771 1211 1912 1252 suae
1940 1192 2141 1274 gloria
2181 1191 2343 1252 deeo-

383 1294 617 1359 rabant.
695 1295 899 1356 Livius
930 1294 1025 1356 111
1040 1339 1060 1372 ,
1099 1294 1214 1372 57,
1254 1294 1295 1356 7
1310 1338 1332 1372 ,
1371 1294 1638 1356 colebant
1670 1295 1987 1377 relig-iones
2010 1296 2119 1376 pie
2150 1296 2345 1376 magis

385 1417 563 1477 quom
610 1399 948 1481 magnifiee.
1029 1397 1238 1458 Cicero
1283 1396 1412 1478 ipse
1459 1417 1602 1460 mox
1653 1397 1793 1479 Cup.
1840 1397 1910 1457 11
1948 1398 2085 1458 init.
2132 1397 2223 1458 his
2260 1398 2346 1457 ita

373 1501 659 1581 pietatem
709 1501 916 1580 ponit:
975 1520 1178 1581 neque
1227 1518 1523 1581 umquam
1570 1520 1642 1563 ea
1690 1517 1836 1562 oum
1873 1503 2170 1583 probitate
2204 1522 2348 1581 per-

386 1610 678 1666 mutatur.

467 1724 649 1783 quum
707 1705 868 1764 enim
909 1714 1320 1787 paupertatem
1370 1725 1507 1766 eum
1561 1704 1803 1767 divitiis
1851 1703 1958 1787 ·—)
2053 1706 2153 1766 Est
2200 1706 2350 1767 haec

385 1806 567 1868 lectio
612 1827 690 1869 ex
737 1806 787 1867 Ι)
837 1827 1109 1888 expressa
1124 1854 1145 1885 ,
1185 1808 1305 1869 nisi
1349 1807 1517 1888 quod
1547 1807 1653 1870 hic
1691 1820 1747 1871 et
1784 1808 1969 1870 habet
1999 1829 2112 1891 pro
2150 1812 2349 1871 en'am.

383 1909 631 1992 Reliqui
679 1918 742 1972 et
788 1912 1004 1991 optimi
1048 1911 1283 1993 quique
1334 1912 1485 1991 quid
1518 1914 1682 1973 enim
1697 1957 1716 1989 ,
1756 1913 1932 1974 cuius
1968 1912 2353 1993 interpolatio

384 2022 477 2075 cst
521 2016 671 2095 quid
708 2027 795 2077 est
841 2017 1004 2075 enim
1051 2036 1188 2076 eun·
1221 2026 1496 2097 paupert.
1533 2016 1776 2076 diviciis
1803 2050 1904 2078 —-.
1939 2017 2164 2077 Verum
2200 2016 2354 2077 haec

391 2118 584 2181 forma
638 2119 1052 2200 interrogandi
1112 2120 1428 2201 aliquanto
1497 2119 1765 2197 firmius,
1837 2139 2022 2200 quam
2073 2140 2183 2201 par
2232 2128 2358 2194 est,

386 2224 717 2285 noce-mio
762 2224 895 2286 fieri
934 2224 1301 2286 demonstrat
1332 2233 1750 2304 paupertatem
1783 2245 1907 2287 non
1940 2244 2066 2286 esse
2099 2224 2357 2286 deorum

391 2324 563 2384 aditu
596 2324 918 2385 arcendam
936 2369 954 2400 ,
994 2325 1160 2405 qnod
1199 2346 1271 2386 ea
1305 2325 1467 2385 inter
1502 2326 1781 2386 homines
1810 2327 1994 2386 etiam
2027 2344 2171 2385 cum
2204 2325 2359 2386 divi·

395 2425 497 2484 tiis
528 2426 797 2504 aequalis
823 2426 1147 2487 habeatur:
1186 2426 1253 2485 id
1282 2427 1447 2505 quod
1476 2426 1676 2487 lenius
1710 2426 2156 2506 modestiusque
2191 2428 2362 2489 velut

391 2530 824 2591 consectarium
857 2530 1214 2609 proponitur
1252 2529 1587 2608 probabile.
1669 2528 1983 2590 Praeterea
1999 2576 2018 2606 ,
2043 2544 2365 2611 paupertas

392 2634 632 2694 divitiis
681 2634 948 2713 aequalis
993 2632 1119 2692 dici
1168 2651 1291 2692 non
1340 2639 1604 2711 poterat,
1645 2651 1850 2712 neque
1883 2633 2272 2693 divitiorum.-
2312 2634 2361 2693 si

391 2737 643 2818 quidem
686 2738 829 2798 illae
874 2735 1347 2797 constructiones
1381 2743 1617 2796 tantum
1664 2736 1744 2797 de
1789 2743 2058 2815 tempore
2075 2782 2093 2813 ,
2134 2745 2242 2798 aut
2285 2736 2363 2798 de

390 2841 813 2919 magnitudine
863 2840 1125 2900 duarum
1167 2859 1375 2899 rerum
1427 2839 1589 2900 inter
1635 2858 1699 2899 se
1753 2839 2110 2901 collatarum
2128 2886 2147 2916 ,
2190 2860 2360 2901 usur·

393 2949 643 3023 pantur,
682 2964 808 3005 non
841 2944 1020 3020 item,
1038 2951 1107 3003 nt
1122 2943 1183 3003 h.
1202 2942 1275 3017 1.‚
1303 2941 1383 3002 de
1409 2943 1543 3002 iure
1571 2939 1739 3021 Quod
1756 2941 2003 3020 utrique
2030 2942 2356 3003 debeatur:

395 3065 512 3106 nec
543 3045 803 3105 dubium
830 3053 917 3106 est
945 3046 1099 3124 quin
1124 3043 1384 3124 Philipp.
1420 3044 1451 3104 1
1482 3089 1501 3119 ,
1547 3043 1653 3121 14,
1692 3043 1805 3120 34,
1833 3045 2060 3104 rectius
2092 3045 2356 3123 legatur,

392 3148 812 3209 libertates-ue
830 3168 1038 3228 parem
1066 3168 1198 3206 cum
1228 3147 1455 3206 ceteris.
1507 3143 1623 3205 Sed
1648 3164 1853 3224 neque
1877 3146 2027 3224 quid
2053 3147 2213 3204 enim
2243 3165 2362 3207 ser·

389 3252 522 3312 vari
573 3258 794 3331 potest,
846 3250 966 3310 nisi
1016 3248 1253 3309 sublato
1300 3269 1441 3325 eur,
1499 3248 1565 3308 in
1606 3266 1729 3327 qua
1772 3247 1966 3307 forma
2015 3269 2137 3309 non
2194 3271 2323 3309 eam
2342 3296 2358 3324 ‚

389 3355 498 3416 sed
559 3355 816 3416 eandem
874 3354 1170 3432 scriptum
1232 3359 1400 3412 esset.
1496 3351 1694 3430 Igitur
1744 3349 1839 3409 nil
1890 3350 2109 3412 melius
2159 3355 2360 3432 reperi

389 3466 626 3538 praeter
663 3457 822 3519 illud
860 3478 1073 3537 quum,
1114 3454 1280 3535 qnod
1320 3452 1499 3515 facile
1535 3452 1737 3533 potuit
1773 3455 2103 3532 corrumpi.

474 3579 594 3618 non
623 3557 829 3640 iudex)
905 3559 1052 3620 Iure
1101 3557 1407 3620 omittitur
1459 3557 1665 3634 homo,
1704 3564 1844 3618 ante
1889 3559 2104 3634 iudex,
2144 3578 2219 3620 ex
2254 3560 2356 3620 in-

398 3662 790 3739 terpolatione
834 3670 1062 3724 ortum:
1115 3661 1182 3722 in
1215 3668 1337 3723 tota
1370 3660 1487 3723 hac
1534 3660 1673 3738 lege
1714 3658 1930 3736 iudex,
1969 3659 2012 3721 i.
2047 3680 2101 3721 e.
2134 3661 2357 3723 huma-

396 3781 540 3837 nus,
569 3761 943 3837 excluditur,
968 3781 1170 3840 neque
1196 3761 1347 3824 deus
1368 3762 1551 3823 iudea
1576 3760 1947 3841 appellatur,
1974 3760 2080 3821 sed
2107 3763 2353 3824 vindex:

392 3863 477 3925 cf.
518 3863 597 3924 ad
633 3863 775 3942 Cap.
814 3862 1180 3940 7‚16‚.fiu.

477 3988 724 4047 suosque
771 3966 906 4026 deos
946 3964 1053 4047 —)
1143 3966 1267 4049 Qus
1299 3969 1443 4049 poni
1475 3970 1559 4029 ita
1596 3970 1663 4028 in
1697 3968 1953 4029 transitu
1982 3966 2063 4028 ad
2094 3987 2166 4028 ea
2199 3988 2357 4047 quae

400 4073 465 4131 in
499 4070 653 4131 serie
702 4089 908 4131 rerum
958 4068 1451 4150 explicandarum
1497 4079 1870 4152 sequuntur,
1909 4069 2069 4130 hene
2098 4071 2358 4130 ostendit

401 4174 727 4253 Madvigius
756 4173 834 4234 ad
867 4174 995 4235 rin.
1025 4194 1088 4253 p.
1123 4174 1262 4238 476.
1341 4177 1473 4236 Non
1502 4173 1984 4254 intempestivam
2011 4171 2358 4234 huiusmodi

2015 4276 2090 4336 33
