3131 5032
435 728 566 782 xxl.

480 800 565 852 52.

453 2159 545 2212 58.

469 3971 553 4024 5⁴.

1572 497 1669 571 66

738 717 890 786 Hoc
928 737 1064 813 ego
1102 713 1266 786 loco
1311 711 1706 810 multisque
1751 710 1906 784 aliis
1945 733 2221 807 quaero
2265 733 2308 780 a
2359 706 2599 798 vobis,

633 834 1040 922 Scaevolae,
1106 832 1483 934 pontifices
1539 835 1861 922 maximi,
1918 845 1992 903 et
2048 830 2383 901 homines
2431 853 2598 900 meo

633 953 926 1051 quidem
963 953 1229 1027 iudicio
1264 955 1688 1043 acutissimi,
1739 951 1916 1048 quid
1954 955 2049 1023 sit
2097 948 2297 1048 quod
2342 948 2433 1021 ad
2483 953 2598 1020 ius

630 1074 1086 1170 pontificium
1153 1074 1357 1146 civile
1405 1075 1779 1172 appetatis,
1876 1071 2118 1142 Civilis
2165 1073 2363 1141 enim
2414 1072 2593 1141 iuris

628 1198 927 1267 scientia
951 1192 1402 1294 pontificium
1435 1191 1755 1288 quodam
1782 1189 2003 1261 modo
2033 1188 2305 1261 tollitis.
2405 1192 2589 1259 Nam

625 1337 822 1386 sacra
859 1338 1027 1386 cum
1061 1317 1367 1413 pecunia
1405 1312 1836 1411 pontificum
1874 1314 2342 1399 auctoritate,
2389 1308 2589 1381 nulla

623 1434 814 1531 lege,
849 1437 1235 1506 coniuncta
1262 1445 1455 1504 sunt.
1534 1437 1790 1528 Itaque
1820 1433 1886 1501 si
1914 1453 2043 1501 vos
2074 1427 2585 1501 tantummodo

621 1552 1003 1651 pontifices
1034 1556 1312 1642 essetiS,
1347 1549 1780 1650 pontificalis
1811 1564 2139 1620 maneret
2165 1551 2583 1621 auctoritas:
2608 1592 2609 1595 =

619 1672 777 1762 sed,
810 1672 1011 1770 qnod
1036 1671 1257 1744 iidem
1294 1674 1474 1742 iuris
1511 1670 1736 1742 civilis
1757 1672 1927 1741 estis
1954 1671 2409 1766 peritissimi,
2446 1667 2587 1742 hac

619 1796 917 1865 scientia
950 1791 1068 1865 illa
1095 1808 1120 1848 ¹
1163 1791 1472 1864 eluditis.
1536 1789 1809 1862 Placuit
1831 1793 1905 1859 P.
1925 1788 2303 1861 Scaevolae
2340 1801 2411 1860 et
2430 1792 2580 1860 Τί.2

614 1914 1100 2002 Coruncani0,
1134 1908 1604 2010 pontificibus
1637 1911 2000 1999 maximiS,
2031 1912 2356 2004 itemque
2393 1922 2584 1981 cete·

618 2032 745 2120 riS,
769 2034 898 2127 qui
924 2030 1374 2102 tantumdem
1399 2043 1689 2127 caperet
1710 2042 2068 2124 quantum
2093 2052 2347 2100 omnes
2378 2027 2585 2101 bere-

614 2147 781 2239 deS,
815 2153 1032 2221 sacris
1061 2148 1354 2245 alligari.
1412 2147 1660 2220 Habeo
1698 2151 1813 2218 ius
1843 2145 2322 2246 pontificium.
2382 2148 2582 2239 Quid

612 2266 762 2339 huc
814 2269 1110 2338 accessit
1169 2289 1258 2337 ex
1330 2269 1489 2337 iure
1562 2265 1800 2337 civili?
1880 2270 2294 2338 Partitionis
2362 2282 2582 2367 caput

613 2390 964 2485 scriptum
1009 2398 1251 2475 caute,
1291 2399 1376 2456 ut
1419 2399 1714 2458 centum
1761 2389 1967 2456 numi
2014 2384 2579 2460 deducerentur:

613 2511 905 2579 inventa
936 2521 1045 2578 est
1079 2509 1291 2597 ratic,
1343 2530 1474 2578 cur
1509 2508 1819 2605 pecunia
1849 2529 2218 2578 sacrorum
2252 2506 2581 2581 molestia

614 2627 1061 2700 liberaretur.
1190 2624 1409 2718 Quod
1474 2629 1536 2696 si
1605 2625 1780 2714 hoc,
1863 2629 1994 2722 qui
2063 2640 2577 2700 testamentum

615 2746 952 2837 faciebat,
991 2769 1262 2819 cavere
1297 2744 1678 2834 noluisset,
1727 2745 2072 2818 admonet
2113 2748 2581 2821 iurisconsul-

619 2884 735 2940 tus
788 2867 911 2938 hic
961 2866 1257 2964 quidem
1298 2870 1453 2965 ipse
1493 2869 1807 2955 Mucius,
1857 2865 2187 2963 pontifex
2218 2867 2444 2959 idem,
2493 2884 2581 2941 ut

618 2991 857 3058 minus
890 2992 1124 3085 capiat
1156 3011 1376 3084 quam
1417 2985 1758 3058 omnibus
1791 2984 2183 3058 heredibus
2221 2985 2582 3086 relinqua-

621 3122 774 3178 tur:
839 3131 1084 3205 super,
1139 3105 1511 3195 dicebant,
1570 3103 1924 3201 quicquid
1973 3122 2000 3163 ⁸
2060 3109 2395 3205 cepisset,
2454 3107 2580 3180 ad-

620 3228 890 3321 stringi.
959 3231 1233 3295 Rursus
1266 3226 1484 3296 sacris
1515 3224 1936 3297 liberantur.
2008 3229 2162 3295 Hoc
2189 3249 2366 3298 vero
2397 3226 2583 3299 nihil

617 3343 704 3417 ad
738 3342 1192 3443 pontificium
1229 3347 1375 3433 ius,
1429 3356 1501 3413 et
1540 3367 1582 3414 e
1621 3341 1859 3415 medio
1892 3356 2002 3414 est
2034 3347 2193 3416 iure
2232 3344 2449 3435 civili,
2498 3360 2584 3419 ut

618 3488 751 3564 per
785 3488 904 3536 aes
940 3479 1012 3535 et
1047 3462 1304 3535 libram
1337 3460 1681 3534 heredem
1709 3467 2121 3535 testamenti
2147 3464 2457 3557 solvant,
2507 3482 2584 3539 et

621 3584 876 3658 eodem
930 3584 1090 3656 loco
1142 3607 1255 3655 res
1296 3586 1415 3674 sit,
1466 3587 1674 3680 quasi
1709 3607 1792 3656 ea
1827 3587 2132 3682 pecunia
2167 3584 2397 3684 legata
2428 3611 2579 3659 non

623 3722 836 3796 esset,
887 3710 948 3778 si
980 3710 1073 3795 is,
1123 3708 1241 3776 cui
1273 3703 1590 3802 legatum
1630 3717 1768 3794 est,
1815 3703 2198 3803 stipulatus
2228 3720 2336 3777 est
2361 3706 2438 3778 id
2474 3711 2582 3807 ip-

622 3852 814 3917 sum,
866 3851 1017 3924 quo
1051 3826 1327 3925 legatus
1355 3830 1384 3870 ⁴
1422 3837 1559 3915 est,
1597 3837 1682 3895 ut
1713 3848 1796 3897 ea
1827 3827 2133 3923 pecunia
2166 3850 2255 3898 ex
2287 3826 2582 3926 stipula-

622 3950 820 4019 tione
855 3943 1236 4035 debeatur,
1285 3947 1522 4040 sitque
1560 3967 1646 4015 ea
1685 3966 1834 4015 non

681 4217 697 4252 ¹
735 4211 899 4264 illam.
972 4218 994 4254 ²
1033 4228 1135 4263 om.
1173 4211 1258 4266 Ti.
1330 4215 1354 4251 ⁸
1389 4215 1483 4280 qul
1519 4210 1667 4279 quid.
1734 4214 1763 4252 ἱ
1797 4211 1937 4279 quod
1973 4211 2226 4282 legatum.
