3131 5032
1126 468 1265 534 Lm.
1317 466 1445 552 111,
1499 472 1569 551 4,
1631 470 1728 538 10.
2267 476 2395 543 593

515 696 694 755 quum
749 676 1040 755 suffragio
1090 695 1156 732 eo
1211 671 1560 755 miscentur)
1660 675 1743 733 Ex
1788 694 1855 734 eo
1900 677 2256 754 miscentur,
2294 688 2404 739 aut

435 799 568 839 eum
602 781 776 839 scite.
801 822 817 850 ‚
858 785 924 836 ut
960 776 1064 837 alii
1092 776 1349 852 habent,
1389 776 1627 835 dudum
1661 776 1889 837 factum
1917 786 2005 835 est
2038 783 2403 841 consciscen-

437 892 565 940 ων.-
624 880 730 940 aed
786 880 1040 941 verbum
1092 881 1492 959 compositum
1540 899 1785 959 prorsus
1836 881 2115 960 exemplo
2166 883 2233 942 in
2285 884 2404 944 hoe

436 1003 714 1044 sermone
761 991 947 1042 earet.
1043 982 1117 1042 Ut
1165 983 1436 1043 omittam
1486 982 1744 1042 aliorum
1797 983 2143 1061 opiniones,
2178 984 2402 1045 iterum

361 1078 364 1081 ¹
439 1106 620 1165 quum
658 1084 842 1167 (oum)
875 1084 1317 1145 eliminandum
1345 1093 1460 1158 est,
1504 1084 1955 1164 legendumque
1992 1106 2143 1165 quae
2186 1089 2410 1166 suffra-

434 1190 564 1270 giis
627 1191 986 1263 evisceratur,
1043 1189 1185 1249 haee
1249 1191 1631 1268 optimatibus
1689 1222 1789 1249 -.
1884 1188 2211 1249 Laudanda
2267 1208 2410 1250 sane

443 1288 877 1368 transponendi
910 1289 1102 1363 ratio,
1141 1307 1262 1367 qua
1295 1290 1498 1367 Steph.
1535 1297 1597 1350 et
1625 1289 1848 1349 Manat.
1886 1290 1977 1349 usi
2021 1298 2192 1365 sunt,
2231 1311 2415 1370 quum

441 1394 769 1452 miscentur
781 1436 799 1467 ,
832 1393 1123 1471 suffragia
1152 1393 1354 1471 optim.
1387 1423 1467 1440 -
1488 1414 1517 1465 ,·
1552 1391 1657 1451 sed
1689 1411 1887 1452 meam
1918 1393 2216 1454 rationem
2244 1412 2415 1472 prae·

442 1501 599 1554 stare
637 1502 808 1572 puto.

1220 1688 1493 1758 CAPUT
1537 1689 1649 1756 IV.

528 1916 622 1963 unt
650 1905 710 1963 oi
741 1900 917 1983 quid)
994 1903 1238 1980 Suscepi
1273 1904 1334 1962 εἰ
1366 1923 1439 1963 ex
1474 1903 1661 1965 codd.
1705 1903 1869 1982 apud
1916 1903 2239 1965 Moserum:
2283 1924 2424 1967 nam

447 2004 571 2065 mei
603 2024 849 2084 quoque
884 2004 1098 2083 optimi
1135 2015 1240 2063 aut
1269 2005 1437 2084 quid.
1518 2003 1654 2065 vid.
1690 2023 1870 2082 supra
1908 2003 1985 2064 ad
2017 2004 2061 2086 §
2096 2004 2191 2066 10.
2227 2006 2362 2069 init.

527 2107 794 2167 cohemn'
855 2127 1022 2166 vem
1086 2104 1193 2184 sie)
1300 2106 1611 2167 manifesto
1664 2107 1983 2184 corrigend
1993 2128 2094 2167 um
2162 2113 2392 2169 cocras-2⁶
2406 2156 2427 2188 ,

447 2209 615 2289 quod
670 2209 824 2269 vidit
876 2207 1149 2268 Davisius
1173 2253 1190 2282 ,
1225 2217 1288 2267 et
1323 2207 1656 2269 vindicavit
1707 2228 1741 2268 a
1795 2208 2004 2269 Moseri
2042 2208 2425 2273 dubitatione

448 2310 781 2388 Hadvigiua
828 2310 1164 2370 Emendatt.
1199 2329 1261 2388 p.
1293 2310 1391 2371 86.
1423 2331 1510 2389 aq.
1546 2343 1627 2355 ——
1662 2311 1792 2371 Mox
1810 2357 1828 2386 ,
1870 2311 2037 2389 quod
2074 2331 2184 2390 pro
2216 2316 2423 2394 eique,

448 2413 662 2490 optimi
713 2412 938 2472 habeut
990 2413 1051 2470 ei
1098 2413 1206 2490 qui
1222 2455 1241 2486 ‚
1298 2411 1539 2488 Lagom.
1593 2411 1687 2472 10.
1732 2414 2136 2491 equicunque,
2191 2396 2462 2477 indicio!

447 2522 537 2575 est
575 2535 759 2594 quam
801 2514 979 2574 facile
1021 2513 1162 2573 talia
1201 2522 1761 2591 corrumperentur.

533 2640 668 2679 cum
870 2639 904 2676 ο
921 2617 1308 2697 patribusque
1333 2614 1577 2698 agendi)
1634 2615 1802 2676 Cous.
1827 2616 2052 2696 Inttpp.
2083 2617 2161 2677 ad
2180 2618 2421 2681 Livium

446 2720 620 2798 VIII,
648 2721 758 2797 33,
801 2719 894 2780 10.
974 2720 1136 2780 More
1169 2727 1478 2798 praeterea
1514 2719 1758 2779 videtur
1794 2719 2123 2780 obtinuisse
2155 2730 2224 2781 ut
2255 2708 2420 2782 aedi-

447 2822 537 2882 les
570 2842 816 2902 quoque
849 2841 989 2881 eum
1024 2822 1249 2900 populo
1282 2830 1565 2899 agerent:
1602 2820 1726 2881 vid.
1760 2820 1927 2881 Verr.
1949 2821 2081 2883 Aet.
2101 2822 2281 2900 1.12‚
2313 2823 2415 2887 36.

449 2922 499 2979 V
518 2971 537 3000 ‚
578 2924 686 3000 67,
733 2923 867 2986 173.
949 2923 1222 2984 Pontifici
1259 2931 1464 2983 utrum
1497 2923 1658 2983 idem
1687 2924 1780 2983 ius
1813 2922 2001 2983 fuerit
2034 2943 2377 2985 eoncessum
2396 2972 2416 3003 ,

446 3024 686 3087 dubitat
725 3026 1002 3087 Dukerus
1042 3025 1119 3085 ad
1158 3027 1287 3086 Liv.
1328 3025 1458 3100 111,
1501 3025 1606 3092 54,
1651 3029 1709 3084 5.

528 3151 701 3210 quem
725 3142 927 3211 patres
967 3127 1251 3211 produnt)
1330 3129 1462 3188 Non
1496 3136 1662 3188 recte
1696 3126 1848 3185 mihi
1883 3127 2127 3188 videtur
2158 3128 2416 3191 Moserus

445 3230 760 3311 requirere
800 3230 1071 3310 prodent.
1163 3229 1314 3288 Nam
1344 3229 1409 3288 in
1443 3229 1545 3302 iis,
1583 3247 1742 3306 quae
1770 3228 1985 3289 ordine
2023 3236 2085 3288 et
2120 3238 2414 3308 perpetuo

443 3334 667 3395 fiebant
685 3379 704 3410 ,
738 3333 1012 3411 loquitur
1042 3350 1184 3391 eane
1219 3352 1291 3392 eo
1324 3330 1538 3407 modo,
1584 3339 1655 3390 ut
1687 3351 1827 3391 mox
1857 3330 1937 3390 de
1970 3331 2175 3410 plebe,
2218 3333 2413 3393 trihu-

446 3439 655 3516 m‘eque
676 3483 692 3511 ‚
752 3455 896 3516 quoe
930 3436 1056 3494 sihi
1079 3434 1276 3515 plebes
1315 3437 1602 3516 rogassit:
1645 3442 1807 3509 tum,
1847 3455 1996 3513 quae
2030 3456 2166 3495 omn
2189 3436 2411 3515 populo

451 3547 734 3617 agentur.-
774 3543 836 3594 et
864 3533 908 3615 §
940 3534 1044 3610 11,
1086 3536 1196 3613 qui
1230 3546 1407 3616 agent
1437 3536 1713 3614 auspicia
1744 3547 2037 3595 sarnunto.
2117 3535 2232 3595 Sed
2259 3537 2412 3599 haee

450 3637 653 3697 omnia
681 3635 1070 3695 versabantur
1103 3637 1168 3695 in
1204 3637 1305 3711 iis,
1347 3655 1506 3716 quae
1537 3639 1868 3697 necessario
1902 3636 2033 3696 fieri
2065 3640 2410 3716 oportebat:

451 3739 817 3816 interregem
852 3737 1025 3814 prodi
1060 3738 1191 3798 fieri
1237 3747 1473 3818 poterat
1517 3748 1586 3800 ut
1622 3740 1872 3800 omnino
1904 3760 2241 3820 numquam
2275 3763 2415 3804 nee·

451 3860 577 3902 eme
622 3848 806 3901 esset:
864 3840 1054 3917 magia
1090 3841 1278 3919 igitur
1317 3842 1469 3902 haee
1518 3842 1844 3920 descriptio
1894 3851 1983 3901 eat
2033 3845 2409 3921 magistratus

448 3945 645 4026 (quem
686 3954 884 4025 patres
918 3938 1205 4024 produnt)
1221 3988 1238 4017 ,
1289 3963 1471 4022 quam
1507 3943 1649 4004 faeti
1689 3944 1986 4005 indicium
2028 3954 2135 4004 aut
2168 3964 2411 4022 praeoe-

448 4058 644 4129 ptum.
745 4048 830 4108 De
897 4047 1156 4108 tribunis
1201 4047 1286 4126 pl.
1342 4048 1461 4110 vid.
1522 4048 1745 4110 Hauut.
1800 4048 1877 4108 ad
1933 4048 2079 4126 Epp.
2142 4048 2221 4107 ad
2277 4047 2409 4108 niv.

446 4151 588 4211 vlu
607 4197 627 4226 ,
667 4150 741 4226 8,
783 4153 841 4210 5.

2074 4251 2151 4310 38
