3131 5032
767 442 901 509 562
1442 437 1585 505 Lm.
1631 437 1729 522 ιι,
1777 440 1900 517 22,
1943 441 2054 505 57.

848 646 918 703 in
948 663 1012 703 os
1043 644 1267 703 iniecta
1294 643 1467 725 gleba
1515 639 1626 721 est)
1703 639 2042 701 Necessaria
2088 638 2210 699 fuit
2251 641 2546 702 correctio
2571 685 2591 716 ‚
2624 661 2739 720 pro

768 748 838 805 in
887 767 1023 823 eos,
1081 755 1150 805 ut
1201 746 1345 805 libri
1397 753 1634 805 tantum
1689 764 1813 803 non
1876 762 2085 803 omnes
2136 742 2363 804 habere
2428 743 2735 806 videntur.

777 850 1016 909 Terram
1065 851 1315 909 iniicere
1367 849 1433 907 in
1480 848 1652 908 iustis
1696 846 2060 907 habebatur:
2121 846 2326 926 itaque
2376 848 2626 926 ponitur
2671 848 2738 907 in

766 951 948 1011 Ennii
984 951 1386 1031 Cresphonte,
1427 949 1593 1029 apud
1628 948 1988 1008 Macrobium
2021 947 2258 1007 Satnrn.
2297 945 2409 1022 vl,
2449 948 2527 1023 2..

851 1056 1076 1114 iniecta
1103 1055 1279 1136 gleba
1315 1065 1436 1113 tum
1475 1064 1531 1111 ee
1568 1052 1694 1111 illis
1728 1051 2000 1109 humatus
2031 1061 2146 1124 est,
2182 1061 2238 1109 et
2258 1050 2437 1131 gleba
2475 1050 2736 1130 vocatur)

764 1155 920 1215 Vere
974 1156 1127 1215 vidit
1179 1155 1511 1233 Madvigius
1559 1152 1896 1212 Emendatt.
1945 1172 2007 1230 p.
2062 1152 2162 1213 77.
2226 1171 2356 1230 sqq.
2410 1152 2559 1213 ferri
2612 1172 2732 1213 non
2805 1197 2815 1204 ·

762 1276 934 1336 posse
982 1260 1205 1319 iniecta
1247 1259 1423 1340 gleba
1442 1303 1461 1334 ,
1507 1256 1683 1338 gleba
1731 1266 2012 1315 vocamr:
2051 1254 2157 1315 sed
2192 1273 2315 1315 non
2350 1257 2631 1315 assentior
2663 1257 2731 1315 in

765 1361 1065 1440 corruptis
1115 1371 1240 1419 tum
1292 1371 1349 1419 et
1403 1359 1529 1418 illis
1582 1356 1915 1417 necessario
1964 1356 2082 1416 loci
2116 1356 2578 1435 appellationem
2604 1375 2730 1418 esse

757 1461 1178 1540 quaerendam
1201 1507 1220 1538 ,
1260 1469 1323 1521 et
1365 1459 1809 1520 restituendum
1856 1478 2013 1535 esse,
2054 1460 2349 1535 tumulus,
2392 1460 2502 1518 ubi
2535 1458 2730 1517 Itum·

765 1578 861 1626 tus
893 1578 978 1626 est
997 1612 1016 1643 ,
1056 1588 1133 1626 es·
1165 1566 1342 1648 gleba
1385 1575 1646 1625 vocatur.
1729 1562 2001 1622 Primum
2051 1560 2218 1620 enim
2264 1562 2331 1620 in
2378 1561 2515 1622 iure
2542 1562 2730 1641 ponti·

759 1667 918 1727 ficali
972 1668 1141 1728 locus
1193 1668 1299 1727 ille
1353 1687 1476 1727 non
1530 1663 1836 1741 tumulus,
1885 1662 1991 1723 sed
2023 1663 2353 1743 sepulcrum
2388 1655 2728 1724 dicebatur:

761 1769 844 1830 cf.
873 1768 917 1851 §
954 1771 1052 1829 55.
1086 1768 1189 1829 fin.
1210 1812 1230 1844 ,
1269 1776 1332 1828 et
1366 1766 1546 1828 modo
1574 1785 1790 1846 supra,
1830 1786 1940 1824 nec
1971 1799 2053 1814 —-
2087 1776 2223 1823 ante
2255 1764 2585 1846 sepulcrum
2615 1776 2728 1826 m.-

761 1879 824 1931 et
856 1871 974 1931 hoc
1008 1872 1252 1931 sensisse
1288 1870 1533 1930 videtur
1565 1868 1615 1928 is
1632 1914 1649 1944 ,
1691 1866 1794 1928 cui
1829 1867 2085 1927 debetur
2113 1867 2294 1927 lectio
2323 1886 2399 1928 ex
2429 1876 2547 1929 vet.
2577 1868 2729 1929 libro

761 1982 998 2035 enotata
1042 1994 1078 2035 a
1122 1974 1253 2033 Car.
1300 1973 1601 2051 Stephano
1618 2016 1637 2045 ,
1677 1982 1734 2032 ee
1767 1970 2098 2050 sepulcrum
2134 1981 2409 2045 vocatur,
2449 1991 2604 2051 qnae
2638 1978 2727 2031 ta-

757 2095 902 2135 men
965 2094 1090 2136 non
1154 2076 1269 2133 nisi
1294 2070 1683 2133 ‘coniectura
1746 2092 1871 2132 esse
1932 2071 2195 2132 videtur.
2293 2072 2608 2134 Praeterea
2652 2092 2729 2133 ex

759 2175 1078 2236 antecedd.
1127 2174 1444 2234 manifesto
1496 2181 1782 2251 apparet,
1834 2192 1910 2233 ex
1951 2174 2088 2233 iure
2123 2174 2458 2252 pontificali
2490 2176 2729 2236 demon·

760 2276 938 2338 strari
985 2284 1265 2355 oportere
1308 2277 1417 2355 qui
1459 2275 1707 2354 proprie
1751 2275 1982 2335 humati
2015 2277 2503 2354 appellarentur:
2547 2278 2731 2358 igitur

761 2381 992 2441 humati
1046 2379 1509 2458 appellationem
1562 2396 1730 2438 nunc
1782 2378 1850 2437 in
1901 2379 2191 2457 primaria
2241 2381 2537 2441 sententia
2589 2380 2731 2461 poni

760 2485 1132 2565 oportuisse,
1189 2501 1350 2557 non,
1410 2487 1482 2541 ut
1527 2499 1603 2542 ex
1648 2481 1755 2542 illa
1795 2481 2181 2559 coniectura,
2232 2484 2299 2543 in
2334 2483 2565 2545 adiecta
2596 2502 2734 2545 sen-

766 2587 972 2647 tentia.
1055 2589 1253 2661 Quare
1303 2583 1733 2663 corrigendum
1787 2592 1968 2663 puto,
2027 2586 2253 2646 iniecta
2284 2587 2464 2668 gleba
2508 2587 2733 2647 demun

762 2690 898 2748 illio
945 2687 1012 2769 (i.
1061 2708 1114 2748 e.
1165 2688 1232 2747 in
1280 2686 1611 2766 pontificali
1657 2685 1817 2766 iure)
1860 2687 2135 2748 humatus
2182 2701 2461 2766 vocatur,
2509 2712 2582 2751 ac
2611 2701 2734 2751 tm

767 2791 1019 2870 denique
1070 2798 1221 2851 cet.:
1288 2790 1469 2850 verba
1519 2789 1687 2850 enim
1740 2800 1799 2850 et
1844 2791 2013 2871 qleba
2030 2837 2049 2868 ,
2090 2791 2322 2851 etiamsi
2358 2792 2736 2872 corrigantur

768 2897 838 2954 in
884 2914 957 2953 er
993 2895 1170 2976 gleba
1187 2941 1206 2972 ,
1245 2902 1452 2953 tamen
1491 2900 1624 2973 post
1660 2893 1765 2953 illa
1783 2938 1800 2968 ,
1839 2895 2067 2955 iniecta
2094 2895 2271 2976 gleba
2286 2941 2307 2972 ‚
2346 2915 2506 2975 quae
2538 2915 2644 2975 per
2670 2915 2734 2956 se

769 2996 1070 3058 rationem
1131 2997 1550 3077 appellationis
1614 2996 1925 3057 declarant
1944 3042 1963 3073 ‚
2011 3016 2048 3057 a
2100 2997 2422 3076 glossatore
2470 2999 2730 3078 prosecta

767 3119 895 3162 esse
933 3108 1102 3179 puto.

850 3207 922 3263 in
962 3224 1121 3264 mare
1155 3204 1460 3282 proiectus
1511 3201 1683 3282 essee)
1761 3202 1945 3281 Sequi
1987 3222 2111 3262 non
2155 3202 2336 3264 licuit
2374 3206 2734 3283 optimorum

769 3307 1070 3368 librorum
1104 3306 1523 3367 auctoritatem
1543 3349 1563 3381 ,
1601 3305 1713 3385 qui
1749 3307 1819 3364 in
1854 3307 2009 3364 mari
2038 3305 2300 3365 habent:
2342 3327 2544 3387 neque
2574 3306 2734 3367 enim

772 3409 838 3470 h.
887 3409 931 3470 l.
983 3428 1091 3469 eae
1131 3409 1337 3469 valent
1383 3408 1684 3484 rationes,
1738 3427 1891 3487 quas
1935 3407 2004 3466 in
2057 3408 2191 3468 aliis
2235 3409 2431 3471 causis
2472 3407 2738 3472 defendit

772 3511 1107 3589 Madvigius
1145 3510 1223 3571 ad
1262 3511 1393 3572 Fin.
1435 3530 1497 3590 p.
1540 3509 1683 3571 786.

840 3614 1158 3691 familiam
1214 3633 1428 3692 puram
1449 3659 1468 3688 ,
1526 3612 1685 3691 quod
1749 3632 1812 3671 os
1870 3634 2049 3694 supra
2097 3625 2310 3676 imam
2361 3614 2471 3699 -)
2562 3612 2738 3675 lucii

775 3715 1130 3776 sententiam
1180 3713 1532 3775 huiusmodi
1586 3714 1768 3774 fuisse
1815 3724 2063 3794 putant:
2105 3716 2155 3776 si
2188 3717 2255 3778 in
2287 3719 2434 3778 navi
2466 3724 2734 3793 necatus,

776 3838 848 3880 ac
893 3827 1024 3878 tum
1068 3817 1318 3878 demum
1376 3817 1440 3878 in
1481 3837 1650 3878 mare
1684 3819 1988 3896 proiectus
2019 3828 2204 3895 esset,
2245 3820 2507 3898 potuisse
2539 3828 2737 3881 tamen

773 3931 917 3984 ante
944 3942 1010 3984 os
1037 3921 1266 3999 recidi3
1310 3920 1476 4001 qnod
1510 3921 1657 4000 quia
1690 3921 1919 3982 factum
1954 3943 2079 3982 non
2108 3922 2220 3998 sit,
2261 3921 2398 3983 ideo
2428 3921 2735 4000 piaculum

776 4025 992 4086 heredi
1027 4025 1340 4101 contrahi,
1380 4024 1484 4084 sed
1515 4024 1809 4084 familiam
1844 4043 2089 4102 puram,
2122 4025 2164 4087 i.
2198 4043 2252 4085 e.
2286 4044 2409 4086 non
2443 4024 2734 4086 funestam

774 4146 936 4202 esse;
980 4133 1219 4202 contra,
1244 4125 1310 4185 si
1355 4126 1421 4185 in
1463 4126 1618 4185 mari
1663 4124 1968 4204 periisset,
2010 4127 2206 4189 veluti
2252 4127 2603 4209 naufragio,
2641 4126 2738 4198 loe
