3131 5032
1345 510 1470 580 131

380 701 722 757 familiarium
750 707 812 758 D.

378 794 727 850 familiaribus
752 800 839 852 10.

374 885 718 957 distinguitur
746 909 781 956 y
814 910 863 945 ε.

378 974 490 1046 (in)
524 997 699 1031 rerum
725 993 898 1035 natura
929 984 986 1038 δ.

372 1077 428 1120 et
455 1068 509 1119 id
540 1070 599 1120 in
630 1070 692 1124 Β.

371 1161 800 1229 magnificentius
827 1175 905 1218 est
931 1168 1017 1221 10.

369 1261 557 1320 gentes
587 1265 859 1308 teneantur
883 1278 939 1325 y.

367 1353 646 1399 teneamur
668 1347 732 1401 Β.

367 1446 606 1491 teneatur
632 1439 698 1492 Β.

664 1643 888 1702 CAPUT
928 1646 1070 1701 VIII.

781 1827 941 1896 524.

366 1997 545 2041 natura
579 1992 819 2042 omnium
855 2008 911 2045 α.

365 2082 510 2132 omni
540 2092 717 2134 natura
751 2082 873 2138 124.
902 2084 1023 2138 128.

364 2170 645 2224 bominum
683 2175 769 2227 10.

363 2273 683 2331 quaeruntur
714 2263 993 2318 ABCDB
1027 2285 1062 2317 α
1093 2271 1137 2332 β
1167 2265 1355 2324 11.89.

432 2357 521 2408 58.
554 2357 641 2408 65.
671 2357 759 2410 96.
788 2357 905 2412 127.
938 2358 1003 2412 V.

359 2458 683 2575 qum-¹2²&
709 2526 764 2573 ν.

356 2636 616 2694 quaerunt
642 2626 707 2681 Β.

354 2715 619 2787 disputare
646 2718 713 2770 V.

354 2806 490 2860 solet
522 2809 610 2864 65.

352 2910 409 2951 et
442 2903 695 2954 nimirum
725 2908 769 2965 β
798 2921 856 2969 γ.

351 2990 453 3041 ista
498 2991 582 3044 10.
624 2994 712 3046 89.
756 2994 844 3047 47.
874 2995 959 3049 48.
992 2996 1079 3050 58.
1103 2998 1192 3051 96.
1227 2998 1347 3053 120.

424 3080 548 3134 122.
576 3082 696 3136 124.
727 3084 850 3138 126.
885 3084 930 3138 Β
962 3086 1029 3139 V.

354 3171 505 3242 (sunt
527 3184 586 3226 ut
613 3173 962 3246 disputantur)
993 3178 1079 3231 47.
1106 3179 1193 3234 48.
1220 3178 1343 3234 120.

423 3262 544 3316 122.
579 3264 703 3317 124.
729 3267 854 3322 126.

346 3352 640 3425 disputatur
671 3374 706 3421 γ
732 3357 821 3410 89.

345 3446 775 3500 conversionibus
822 3447 977 3519 (que)
1024 3449 1070 3504 A
1098 3448 1138 3504 B
1169 3452 1212 3507 C
1230 3453 1273 3506 1)
1294 3454 1334 3507 Β

416 3554 455 3587 a
487 3555 515 3589 ε
544 3536 592 3590 Β
618 3537 686 3592 V.

340 3624 886 3697 quaa-lammateriam
901 3650 927 3681 ε
946 3629 1035 3686 11.
1048 3632 1136 3686 89.
1150 3634 1237 3689 47.
1251 3634 1336 3690 48.

412 3719 505 3775 ss.
531 3720 721 3795 amsa.
740 3706 1000 3776 nam.
1017 3722 1197 3778 12⁷.ss
1216 3725 1282 3777 v.

336 3798 669 3882 aptant&
1084 3842 1091 3851 ·

331 4183 486 4242 atque
506 4174 701 4225 faemm
718 4170 764 4225 A
781 4170 820 4226 Β
840 4171 883 4228 C
904 4172 1097 4245 (corr.)
1127 4176 1169 4230 E
1188 4194 1222 4244 r
1238 4178 1326 4231 89.

333 4277 506 4319 aetum
539 4267 604 4317 sit
636 4266 723 4318 65.

1704 729 1792 758 nam
1816 722 1919 769 quod

1430 784 1648 821 munere
1682 788 1943 862 quamun
1977 773 2240 845 aliquibus
2268 778 2314 833 A
2348 778 2414 835 D.
2441 817 2460 832 ..

1427 894 1695 1036 qli-iamqude
1720 947 1981 1019 aliquibus
2012 953 2258 1009 coherent
2284 957 2343 1008 Β.

1427 1081 1687 1134 quamque
1719 1068 1986 1139 aliquibus
2010 1073 2257 1128 coherent
2283 1075 2328 1136 AC
2348 1078 2413 1131 E.

1426 1171 1740 1226 quamquam
1779 1163 1971 1229 quibus
2004 1166 2249 1220 dooerent
2276 1168 2412 1222 che-

1493 1258 1611 1299 rent
1641 1268 1697 1302 α.

1424 1355 1648 1409 namque
1682 1342 1944 1413 aliquibus
1976 1351 2040 1410 β.
2072 1335 2080 1344 ’

1423 1446 1736 1501 quamquam
1763 1434 1862 1487 alia
1890 1439 2083 1507 quibus
2115 1460 2156 1505 r
2184 1439 2229 1493 Β
2256 1441 2323 1494 V.

1422 1537 1544 1572 nam
1574 1524 1714 1592 quod
1739 1526 2002 1597 aliquibus
2022 1529 2271 1585 coherent
2287 1532 2411 1588 120.

1489 1613 1611 1666 122.
1867 1615 1878 1628 ’

1422 1703 1560 1771 quod
1616 1705 1882 1776 aliquibus
1926 1711 2011 1765 10.
2059 1713 2146 1766 39.
2186 1713 2273 1767 47.
2322 1715 2409 1769 48.

1489 1796 1578 1847 58.
1615 1797 1700 1849 65.

1417 1884 1665 1938 ooherent
1689 1888 1778 1941 10.
1809 1890 1892 1942 11.
1920 1892 2007 1946 47.
2034 1893 2120 1946 48.
2149 1895 2410 1951 124.126.

1483 1978 1607 2031 127.
1640 1977 1685 2031 Β
1715 1979 1784 2032 V.

1416 2072 1622 2122 muneri
1673 2088 1810 2142 qnae*
1853 2074 2115 2145 aliquibus
2159 2079 2410 2134 coherent

1482 2159 1725 2217 homines
1745 2182 1774 2218 e
1789 2166 1992 2220 mortali
2007 2187 2200 2240 genere
2219 2190 2406 2245 sump-

1482 2255 1644 2306 serint
1674 2256 1732 2307 δ.

1412 2362 1531 2395 nam
1563 2347 1704 2416 quod
1733 2348 1998 2420 aliquibus
2033 2371 2082 2405 ε.

1410 2449 1706 2490 sumserunt
1734 2439 1776 2491 D
1807 2449 1850 2503 ῥ’
1880 2443 1967 2495 39.
1998 2445 2084 2497 47.
2114 2445 2201 2500 48.
2227 2449 2317 2501 58.

1478 2530 1565 2583 96.
1594 2530 1714 2583 120.
1747 2532 1867 2585 122.
1901 2534 1965 2588 Β.

1409 2636 1541 2688 quae
1579 2619 1783 2691 flagicia
1815 2636 1988 2678 essent
2016 2627 2055 2678 Β
2083 2626 2128 2681 G
2161 2629 2205 2682 E
2237 2630 2308 2684 δ.

1408 2711 1642 2762 animum
1668 2720 1844 2765 tamen
1872 2715 1996 2768 124.
2026 2717 2145 2771 126.

1411 2799 1577 2871 (esse)
1609 2805 1842 2872 ignatum
1873 2807 1959 2859 10.

1405 2910 1474 2945 ex
1500 2911 1604 2962 quo
1633 2912 1749 2947 aere
1780 2897 1863 2948 vel
1888 2899 2086 2966 agnitio
2118 2900 2179 2954 δ.

1403 2981 1490 3034 vel
1518 3000 1649 3052 gens
1678 2986 1800 3039 124.
1831 2987 1952 3040 126.

1403 3077 1580 3144 stirpis
1603 3075 1648 3127 A
1679 3076 1718 3127 Β
1749 3075 1792 3128 C
1828 3078 1868 3129 Β
1904 3078 1989 3130 11.
2021 3081 2109 3135 65.

1402 3167 1541 3235 quod
1572 3166 1729 3219 habet
1757 3169 1820 3221 ad
1851 3172 2089 3224 notitiam
2119 3173 2161 3225 R
2196 3173 2257 3226 δ.

1400 3258 1629 3328 aliquam
1655 3259 1744 3313 dei
1812 3267 1902 3330 qui
1927 3265 2233 3320 homiuibus
2257 3266 2388 3319 nul-

1468 3349 1614 3402 hA·

1399 3440 1628 3509 aliquam
1654 3443 1742 3497 dei
1773 3448 1904 3514 quin
1933 3446 2237 3505 hominibus
2266 3452 2328 3505 B.

1396 3531 1627 3601 aliquam
1671 3534 1737 3587 de
1757 3521 1909 3605 ‘ipsis
1951 3540 2169 3609 quidem
2197 3541 2386 3596 homi-

1465 3625 1621 3678 nibus
1650 3625 1714 3680 Ο.

1394 3717 1650 3785 (ipsisque
1674 3719 1731 3769 iu
1745 3718 2076 3793 hominibus)
2109 3720 2152 3776 D
2183 3732 2226 3788 β
2260 3744 2286 3777 ε
2316 3725 2378 3778 Β.

1391 3806 1622 3875 aliquam
1631 3809 1698 3861 de
1712 3812 1840 3880 ipsis
1851 3814 1981 3882 quin
1996 3814 2300 3869 hominibus
2314 3819 2377 3872 E.

1391 3900 1619 3969 aliquam
1652 3901 1738 3953 dei
1766 3903 1833 3955 de
1863 3905 1991 3974 ipsis
2020 3907 2239 3976 quidem
2273 3907 2381 3961 ho-

1456 3994 1693 4047 minibus
1721 4014 1777 4046 α.

1386 4083 1616 4153 aliquam
1658 4086 1724 4137 de
1753 4087 1881 4156 ipsis
1915 4087 2106 4159 Quinte
2134 4090 2376 4144 homini-

1456 4175 1552 4228 bus
1583 4196 1616 4241 y
1650 4176 1718 4230 V.

1385 4277 1646 4319 mansueta
1683 4266 1725 4318 A
1758 4267 1797 4318 Β
1829 4267 1873 4320 0
1905 4268 1987 4322 11.
2017 4273 2106 4325 65.

1957 4360 2035 4408 9*
