3131 5032
475 1185 562 1237 57.

365 3688 557 3743 XXIII.

468 3761 558 3813 58.

1564 485 1660 557 68

635 702 985 796 cepimus;
1025 711 1465 795 gentemque
1500 695 1908 768 Corneliam
1946 718 2182 792 usque
2218 693 2310 767 ad
2343 718 2604 768 memo»

634 820 815 888 riam
874 831 1194 888 nostram
1255 817 1390 889 hac
1437 815 1807 916 sepultura
1859 818 2126 886 scimus
2174 839 2329 886 esse
2373 840 2599 888 usam.

631 941 709 1007 C.
769 940 979 1009 Marii
1041 941 1210 1009 sitas
1265 937 1600 1033 reliquias
1647 934 1842 1035 apud
1890 938 2239 1007 Anienem
2274 934 2603 1034 dissipari

634 1061 843 1128 iussit
871 1057 1061 1130 Sulla
1089 1063 1368 1147 Victor,
1396 1056 1768 1130 acerbiore
1793 1055 1960 1128 odio
1985 1059 2355 1146 incitatum,
2382 1081 2603 1152 quam

633 1181 691 1247 si
733 1192 879 1248 tam
913 1182 1198 1277 sapiens
1233 1176 1482 1249 fuisset
1520 1201 1739 1273 quam
1776 1174 1912 1247 fuit
1941 1175 2368 1246 vehemens:
2401 1174 2602 1272 quod

633 1296 827 1368 haud
876 1301 1027 1369 scio
1072 1322 1164 1369 an
1205 1301 1466 1369 timens
1503 1320 1638 1366 suo
1678 1297 1966 1394 corpori
2003 1319 2210 1393 posse
2243 1294 2600 1384 accidere,

630 1420 910 1514 primus
966 1442 1007 1488 e
1065 1420 1376 1516 patriciis
1429 1415 1778 1503 Corneliis
1824 1418 1974 1510 igni
2012 1415 2241 1485 voluit
2275 1419 2597 1487 cremari.

631 1536 958 1608 Declarat
1005 1540 1198 1608 enim
1232 1548 1252 1585 ¹
1306 1539 1582 1606 Ennius
1626 1533 1715 1606 de
1764 1532 2136 1623 AfricanO,
2183 1534 2301 1604 hic
2338 1549 2449 1603 est
2480 1533 2601 1604 ille

627 1659 825 1726 situs.
926 1660 1142 1729 Vere:
1195 1680 1363 1726 nam
1423 1658 1541 1725 siti
1604 1653 1950 1726 dicuntur
2005 1657 2082 1743 ii,
2143 1657 2273 1750 qui
2325 1651 2601 1725 conditi

627 1788 829 1846 sunt:
859 1799 997 1847 nec
1023 1790 1265 1847 tamen
1296 1798 1551 1845 eorum
1576 1788 1744 1845 aute
1764 1772 2176 1872 sepulcrum
2204 1786 2349 1860 est,
2377 1797 2594 1869 quam

629 1895 816 1965 iusta
854 1892 1037 1966 facta
1076 1908 1149 1964 et
1188 1918 1451 1992 corpus
1480 1916 1766 1964 caesum
1791 1909 1818 1947 ²
1862 1906 1990 1963 est.
2055 1898 2142 1963 Et
2170 1891 2370 1989 quod
2400 1916 2595 1963 nunc

630 2015 1115 2083 communiter
1172 2017 1246 2082 in
1313 2011 1658 2083 omnibus
1715 2011 2066 2110 sepultis³
2111 2015 2400 2110 penitus
2459 2009 2615 2101 hur

629 2135 799 2202 mati
837 2131 1200 2220 dicantur,
1232 2131 1307 2202 id
1349 2144 1501 2202 erat
1542 2136 1921 2230 proprium
1964 2146 2120 2201 tum
2147 2134 2222 2201 in
2254 2134 2371 2220 iis,
2407 2152 2595 2227 quos

626 2249 895 2322 humus
952 2254 1211 2322 iniecta
1273 2265 1726 2348 contegeret:
1787 2274 2105 2346 eumque
2155 2275 2435 2322 morem
2482 2253 2596 2323 ius

627 2369 1040 2468 pontificale
1105 2368 1506 2442 confirmat.
1606 2373 1790 2442 Nam
1853 2373 2054 2468 prius
2108 2395 2328 2467 quam
2384 2374 2462 2441 in
2512 2394 2596 2441 os

630 2493 892 2563 iniecta
947 2488 1154 2588 gleba
1215 2505 1353 2579 est,
1413 2489 1618 2562 locus
1671 2489 1818 2580 ille,
1871 2487 2000 2560 ubi
2053 2503 2446 2562 crematum
2486 2502 2594 2561 est

630 2632 928 2707 corpuS,
970 2608 1153 2679 nihil
1194 2607 1413 2679 habet
1450 2607 1853 2705 religionis:
1893 2612 2154 2681 iniecta
2190 2605 2394 2706 gleba
2432 2622 2592 2680 tum

628 2742 703 2798 et
751 2727 884 2798 illis
909 2741 937 2780 ⁴
994 2727 1337 2799 humatus
1394 2743 1532 2817 est,
1592 2741 1665 2799 et
1699 2727 1908 2824 gleba
1943 2742 2274 2818 vocatur,
2312 2752 2397 2800 ac
2431 2742 2591 2800 tum

628 2845 948 2944 denique
978 2847 1201 2919 multa
1231 2847 1558 2944 religiosa
1587 2850 1742 2919 iura
1771 2847 2289 2947 complectitur.
2342 2854 2594 2946 Itaque

630 2970 704 3037 iu
756 2992 876 3057 e0‚
929 2971 1059 3063 qui
1098 2970 1175 3037 in
1216 2971 1380 3038 navi
1419 2981 1716 3039 necatus
1754 2967 2016 3039 deinde
2060 2972 2135 3038 in
2180 2993 2376 3040 mare
2422 2993 2592 3068 pro-

625 3090 855 3158 iectus
886 3100 1111 3175 esset,
1148 3085 1461 3157 decrevit
1508 3090 1581 3156 P.
1615 3088 1901 3156 Mucius
1936 3083 2275 3157 familiam
2302 3111 2589 3185 puram,

628 3205 826 3302 quod
850 3230 932 3275 os
954 3229 1168 3302 supra
1193 3217 1460 3274 terram
1483 3229 1630 3275 non
1658 3218 1998 3294 exstaret,
2025 3228 2321 3303 porcam
2338 3206 2594 3279 heredi

629 3347 782 3395 esse
843 3337 1315 3411 contractam,
1371 3337 1443 3393 et
1477 3343 1503 3381 ⁶
1561 3323 1931 3395 habendas
1981 3324 2307 3396 triduum
2356 3325 2603 3418 ferias,

628 3456 702 3514 et
733 3466 959 3540 porco
984 3440 1326 3514 feminam
1348 3457 1374 3494 ⁰
1402 3443 1766 3542 piaculum
1793 3447 1977 3542 pati,
1996 3448 2056 3515 si
2088 3448 2163 3515 in
2192 3449 2368 3517 mari
2398 3471 2591 3519 mor*

629 3576 797 3633 tuus
833 3576 1015 3634 esset
1052 3560 1300 3634 eadem
1343 3579 1630 3662 praeter
1666 3564 2030 3663 piaculum
2064 3580 2137 3636 et
2173 3564 2406 3638 ferias.
2554 3635 2557 3638 ,

724 3685 869 3752 Att.
943 3680 1168 3753 Video
1219 3706 1406 3778 quae
1461 3685 1716 3754 sintin
1757 3682 2135 3781 pontificio
2172 3687 2352 3756 iure.
2451 3685 2591 3760 Sed

626 3826 901 3899 quaero
967 3801 1403 3898 ecquidnam
1436 3811 1464 3852 ⁷
1525 3806 1620 3873 sit
1676 3806 1749 3874 in
1797 3802 2100 3902 legibus.
2198 3809 2296 3875 M.
2356 3809 2587 3880 Pauca

628 3998 688 4006 ...-

685 4105 704 4139 ¹
741 4102 960 4152 etenim.
1042 4103 1067 4139 ²
1103 4104 1384 4173 ingestum.
1471 4107 1496 4144 ⁸
1531 4105 1749 4176 sepultis
1781 4107 1991 4177 ponitur
2015 4116 2090 4160 ut.
2172 4107 2196 4146 ἱ
2234 4117 2345 4159 tum
2378 4115 2432 4158 ot
2464 4104 2597 4158 imo.

618 4191 640 4223 Γ·
676 4204 774 4236 om.
813 4195 881 4237 et.
953 4189 978 4225 ⁸
1015 4185 1230 4240 femina.
1303 4195 1322 4227 ⁷
1361 4190 1636 4258 quidnam.
