3131 5032
683 434 811 499 262
1412 427 1551 494 Lm.
1605 428 1668 510 1,
1731 429 1793 508 1,
1853 429 1902 493 1.

677 658 834 719 quae
896 646 1062 717 grata
1111 645 1173 696 et
1224 634 1474 716 probata
1533 634 1722 695 fuerit
1780 634 2024 714 populo.
2122 634 2412 713 Accedit,
2471 639 2638 717 quod

677 741 924 802 Domitii
976 750 1037 801 et
1084 739 1372 799 Ancharii
1418 739 1665 799 nomina
1704 746 1942 816 praeter
1984 740 2485 800 consuetudinem
2533 742 2637 802 bic

678 845 1174 924 interponuntur:
1230 863 1387 922 quae
1435 843 1795 922 interpolata
1841 862 1998 916 esse,
2040 861 2232 921 quum
2266 844 2509 905 abunde
2542 845 2642 905 in-

678 948 874 1026 telligi
907 948 1129 1027 possint
1164 967 1238 1007 ex
1267 967 1371 1022 e0,
1413 946 1577 1026 quod
1610 955 1913 1025 praetores
1948 966 2047 1006 eos
2080 947 2266 1007 factos
2305 968 2432 1009 esse
2464 951 2643 1011 modo

677 1050 913 1111 dixerat
964 1051 1171 1111 Cicero
1187 1096 1204 1125 ,
1253 1050 1469 1129 probat
1514 1049 1779 1128 quodam
1826 1049 2005 1109 modo
2050 1049 2246 1110 Schol.
2291 1050 2609 1114 Vaticanus
2628 1100 2647 1129 ,

676 1154 755 1214 de
789 1154 1083 1214 industria
1117 1174 1368 1214 monens
1399 1173 1549 1232 quos
1586 1153 1911 1233 intelliqere
1946 1154 2252 1213 debeamus
2280 1163 2411 1214 tum
2445 1177 2643 1236 popu-

677 1258 834 1317 lares
874 1257 1010 1317 illos
1057 1256 1181 1317 duo
1201 1303 1219 1332 ‚
1277 1254 1564 1336 (quorum
1615 1256 1942 1316 rectissime
1992 1257 2236 1316 nomina
2288 1257 2644 1339 reticentur)

677 1368 811 1419 tum
853 1360 959 1420 hos
1005 1368 1125 1419 tres
1170 1360 1424 1418 minime
1456 1358 1797 1437 populares.
1877 1359 2117 1438 Neque,
2152 1379 2345 1438 quum
2378 1365 2645 1422 animum

678 1474 1064 1538 constantem,
1108 1470 1169 1522 et
1205 1462 1377 1531 fidem
1412 1474 1467 1521 et
1497 1462 1916 1542 fortitudinem
1947 1461 2181 1537 laudat,
2216 1483 2383 1523 suam
2419 1466 2643 1545 cuique

678 1568 889 1627 tribuit
923 1566 1194 1644 laudem5
1236 1565 1534 1645 siquidem
1572 1573 1710 1625 sunt
1748 1566 1856 1626 illa
1893 1566 2075 1625 unius
2108 1567 2362 1644 generis.
2443 1567 2642 1627 Restat

676 1678 748 1730 ut
799 1670 1001 1728 locum
1053 1669 1137 1727 sic
1188 1667 1642 1727 constituamus:
1696 1702 1779 1713 —
1825 1669 1947 1727 sibi
1998 1669 2171 1727 illum
2218 1670 2287 1727 in
2336 1670 2644 1730 tribunatu

674 1774 941 1833 animum
973 1782 1359 1844 constantem,
1395 1781 1451 1829 et
1482 1772 1779 1851 egregiam
1801 1770 1983 1845 fidem
2011 1782 2067 1829 et
2087 1773 2539 1851 sor-titudinem,
2558 1805 2640 1817 —

666 1888 905 1956 gratum
929 1876 1167 1955 fuisse,
1219 1873 1521 1952 aptissima
1567 1872 1828 1954 syllepsi.
1909 1872 2097 1932 Aliud
2142 1894 2334 1952 genus
2372 1877 2640 1954 reperire

671 1979 786 2037 sibi
817 1979 974 2037 visus
1008 1985 1093 2035 est
1128 1976 1459 2054 Madvigius
1503 1976 1569 2033 in
1609 1975 2108 2053 praestantissima
2153 1975 2419 2038 editione
2460 1980 2638 2041 libro·

672 2103 814 2141 rum
848 2082 926 2140 de
958 2080 1150 2140 Finib.
1189 2080 1311 2153 111,
1353 2079 1459 2154 10,
1496 2078 1607 2153 35,
1641 2078 1744 2139 fin.
1782 2078 2014 2147 verbis,
2051 2083 2362 2159 omniaque
2398 2104 2467 2141 ea
2503 2097 2639 2144 sunt

675 2186 984 2265 opiniones
1032 2205 1104 2243 ae
1156 2183 1390 2242 iudicia
1444 2182 1735 2240 levitatis:
1792 2201 1934 2241 nam
1989 2184 2189 2241 omnia
2236 2205 2305 2242 ea
2347 2205 2471 2245 non
2516 2206 2640 2247 esse

672 2285 957 2359 subiecti,
999 2282 1103 2344 sed
1138 2281 1503 2362 praedicati,
1546 2290 1607 2342 et
1645 2283 1955 2343 remotiori
1991 2280 2275 2364 (iudicia)
2308 2305 2636 2349 accommo-

672 2388 842 2465 dari,
900 2388 1091 2448 forma
1143 2384 1596 2465 componendae
1647 2385 1933 2445 orationis
1984 2407 2127 2446 sane
2180 2389 2470 2451 inaudita.
2564 2392 2638 2452 In

669 2499 954 2572 promptu
1005 2498 1132 2550 erat
1179 2489 1482 2568 corrigere
1537 2490 1876 2570 opinionis.-
1935 2490 2039 2550 sed
2080 2490 2247 2553 Tusc.
2287 2492 2397 2570 IV,
2449 2495 2517 2572 7,
2542 2495 2640 2560 ’15

670 2615 945 2676 quoque,
980 2614 1060 2652 ne
1087 2593 1234 2653 alios
1261 2592 1421 2653 locos
1446 2594 1740 2669 excitem,
1776 2593 1863 2652 sic
1890 2593 2124 2654 iudicia
2156 2608 2209 2656 et
2240 2599 2543 2678 opiniones
2573 2600 2641 2658 in

667 2699 890 2760 ‘eodem
929 2704 1283 2776 argumento
1320 2697 1678 2774 iunguntur.
1762 2694 1963 2755 Potius
1996 2706 2198 2757 autem
2244 2699 2409 2762 duco
2433 2705 2657 2776 tenere*

676 2802 777 2878 id,
820 2800 984 2881 quod
1027 2801 1102 2858 ad
1159 2800 1291 2860 init.
1336 2799 1465 2859 eius
1504 2796 1565 2881 §³
1612 2799 1748 2858 iure
1799 2803 2116 2861 monuerat
2167 2802 2391 2881 Madv„
2436 2779 2644 2866 ‘totum

671 2906 842 2966 hunc
895 2905 1097 2963 locum
1149 2903 1228 2961 de
1279 2903 1465 2962 animi
1513 2901 2071 2981 perturbationibus
2117 2926 2240 2965 non
2285 2915 2426 2987 apte
2459 2909 2643 2969 inter-

671 3010 934 3089 positum
980 3006 1204 3066 videri:
1248 3026 1433 3085 quem
1481 3025 1672 3085 quare
1703 3014 1898 3066 totum
1930 3008 2301 3069 eiiciendum
2336 3025 2642 3088 censeam,

659 3113 910 3174 ‘duobus
957 3111 1271 3171 cmfieiam
1331 3110 1719 3188 argumentis.
1822 3109 2089 3170 Primum
2106 3156 2125 3186 ,
2177 3112 2640 3191 disputationem

677 3216 756 3278 de
803 3216 1070 3295 sapiente
1117 3214 1227 3293 qui
1274 3220 1473 3272 careat
1522 3213 2083 3291 perturbationibus
2118 3216 2341 3290 animi,
2382 3217 2642 3278 alienam

678 3339 804 3380 esse
844 3339 879 3378 a
922 3318 1154 3377 Catonis
1200 3316 1487 3390 consilio,
1529 3323 1661 3375 tum
1697 3337 1806 3396 per
1840 3336 1902 3377 se
1936 3318 2332 3396 intelligitur,
2376 3329 2503 3380 tum
2542 3341 2643 3402 ap·
2706 3397 2711 3400 ,

674 3429 848 3503 paret
901 3441 936 3481 e
984 3420 1264 3498 diligenti
1308 3420 1494 3479 huius
1537 3419 1683 3479 libri
1721 3420 1905 3480 Tertii
1943 3421 2343 3498 refutatione,
2384 3442 2541 3503 quae
2576 3425 2639 3485 in

676 3517 950 3604 sequenti
995 3523 1351 3601 exponitur,
1404 3525 1468 3582 in
1516 3544 1638 3603 qua
1667 3525 2140 3605 perturbationes
2171 3546 2250 3585 ne
2285 3528 2471 3587 verbo
2499 3529 2644 3607 qui-

675 3627 818 3687 dem
850 3631 1281 3686 memorantur.
1364 3625 1623 3703 Deinde,
1661 3635 1784 3687 tam
1823 3627 2105 3688 dissoluta
2131 3638 2271 3688 sunt
2304 3630 2455 3691 haec
2486 3632 2641 3711 ipsa,

677 3737 801 3788 tam
835 3731 1037 3789 inania
1071 3736 1132 3789 et
1161 3727 1601 3807 propemodum
1627 3729 1844 3790 stolide
1875 3730 2230 3809 composita,
2268 3740 2335 3790 ut
2360 3732 2644 3812 religioni

675 3832 753 3892 sit
784 3853 855 3893 ea
888 3831 1160 3892 Ciceroni
1195 3829 1483 3891 tribuere.
2560 3865 2563 3872 ·

759 3938 876 4012 Qui
930 3936 1048 3996 viri
1099 3934 1262 3995 docti
1308 3955 1448 3995 cum
1506 3935 1623 3994 hae
1673 3955 1890 4014 quercu
1941 3934 2201 3997 Platonis
2255 3938 2320 3996 in
2374 3919 2647 4001 Phaedro

668 4044 983 4120 platanum
1031 4040 1445 4118 coniungunt,
1486 4039 1531 4096 ii
1574 4039 1726 4098 mihi
1777 4040 2062 4099 videntur
2105 4042 2424 4103 obscurare
2459 4044 2648 4122 magis

678 4164 860 4223 quam
897 4144 1199 4204 illustrare
1229 4143 1581 4222 scriptorem
1612 4162 1796 4221 quem
1832 4144 2346 4222 interpretantur..
2436 4133 2581 4188 ’Μῦν

1101 4249 1138 4294 ι
