3131 5032
775 443 902 509 464
1480 435 1624 506 Lm.
1669 435 1774 521 11,
1819 438 1898 522 2,
1941 440 2007 505 5.

769 654 875 704 m
922 641 1180 703 venandi
1219 641 1638 703 consuetudins
1653 685 1671 715 ,
1712 640 1869 699 sicut
1901 637 2051 699 alibi
2084 644 2150 697 et
2182 637 2526 698 exercitatio
2560 636 2743 697 ludi-

770 767 907 821 cra,
948 755 1008 807 et
1040 766 1170 821 ars,
1211 744 1461 804 dicitur:
1528 762 1729 822 neque
1765 744 1929 802 enim
1973 741 2317 802 memoratis
2341 743 2735 823 gymnasiis,

769 869 973 929 compo
989 895 1007 925 ,
1060 850 1335 923 canibus,
1387 849 1555 926 equis
1574 891 1590 919 ,
1633 845 1915 925 generale
1947 845 2043 905 bis
2072 864 2294 905 nomen
2327 844 2547 905 subiici
2580 845 2737 905 atti-

768 953 985 1028 nebat,
1026 953 1291 1027 ludicra,
1334 957 1405 1010 ut
1439 950 1574 1010 vult
1607 948 1952 1027 Madvigius.

847 1078 937 1115 me
974 1055 1209 1135 quidem
1244 1056 1408 1136 ipsae
1442 1054 1583 1112 illae
1617 1063 1846 1112 nostroe
1885 1048 2174 1133 Athenae)
2251 1050 2734 1112 Diiudicandum

767 1165 917 1218 esset
966 1164 1105 1215 uter
1154 1153 1303 1215 ordo
1351 1160 1708 1233 praestaret,
1767 1154 1931 1234 ipsae
1982 1153 2122 1212 illae
2138 1199 2157 1229 ‚
2197 1173 2274 1213 an
2329 1155 2468 1213 illae
2521 1155 2690 1234 ipsas
2705 1198 2734 1231 ,

768 1260 884 1320 nisi
937 1261 1099 1339 ipsos
1144 1257 1209 1317 h.
1254 1256 1297 1316 l.
1340 1255 1719 1315 incommode
1753 1256 2170 1335 interpositum
2207 1257 2359 1317 mihi
2392 1258 2731 1319 videretur.

768 1361 940 1438 Quod
993 1361 1156 1421 enim
1207 1359 1615 1420 demonstrare
1654 1359 1788 1419 vult
1820 1361 2052 1420 Atticus
2081 1381 2205 1421 non
2237 1361 2426 1439 magis
2460 1361 2618 1421 illud
2644 1361 2733 1422 de

765 1465 1051 1541 Athenis,
1092 1483 1275 1544 quam
1329 1464 1407 1523 de
1459 1464 1673 1542 quavis
1706 1462 1826 1523 alia
1860 1464 2084 1523 Graeca
2121 1464 2272 1523 urbe
2304 1465 2575 1525 valebat:
2620 1463 2735 1525 sed

767 1569 961 1628 utitur
1004 1568 1120 1629 boc
1166 1567 1476 1645 exemplo,
1524 1565 1814 1645 quoniam
1859 1567 2081 1626 arctius
2126 1566 2325 1646 ipsum
2357 1568 2733 1646 attingebat,

766 1672 878 1752 qui
896 1670 1147 1731 Athenis
1176 1670 1241 1729 in
1275 1669 1485 1749 primis
1514 1668 1938 1729 delectaretur.
2021 1668 2453 1747 corrigendum
2480 1689 2698 1730 censeo
2706 1715 2733 1745 ,

765 1796 857 1834 ms
908 1774 1142 1853 quidem
1192 1776 1387 1855 ipsum
1435 1802 1513 1816 -—
1535 1817 1553 1847 ,
1611 1772 1815 1850 itaque
1868 1791 1943 1831 ex
1992 1760 2260 1850 generali
2312 1772 2732 1834 observatione

766 1875 1089 1958 (movemur
1118 1874 1301 1955 enim)
1341 1875 1553 1935 transit
1587 1873 1662 1934 ad
1698 1894 1771 1934 ea
1802 1894 1960 1953 quae
1995 1875 2120 1954 ipse
2154 1876 2421 1937 sentiret.

846 2000 968 2038 non
1017 1992 1137 2039 tom
1189 1979 1457 2057 operibus
1510 1979 1855 2060 magnificis
1889 1981 2316 2058 exquisitisque
2349 1981 2733 2060 antiquorum

767 2083 1021 2164 onibus)
1100 2080 1473 2140 Manifestum
1508 2088 1594 2140 est
1627 2081 1693 2139 in
1729 2079 1823 2139 his
1846 2093 2207 2161 praesentem
2239 2081 2487 2142 istarum
2520 2103 2734 2143 rerum

766 2185 1116 2263 adspectum
1152 2183 1372 2261 opponi
1407 2184 1801 2244 recordationi
1837 2203 2076 2259 eorum,
2110 2184 2215 2263 qui
2253 2186 2420 2263 prius
2454 2185 2730 2247 fuissent.

766 2288 982 2365 Itaque
1045 2287 1245 2344 minus
1306 2292 1513 2363 aptum
1568 2293 1654 2343 est
1710 2285 2086 2363 antiquorum
2139 2293 2294 2345 artes
2357 2306 2733 2347 commemo-

768 2391 926 2466 rari,
959 2390 1188 2469 quippe
1216 2388 1373 2448 nihil
1406 2386 1699 2447 attinebat
1734 2386 1808 2446 ad
1847 2387 2012 2447 illam
2051 2387 2512 2449 delectationem
2553 2390 2732 2450 cuius

766 2513 875 2555 eae
927 2502 1084 2555 artes
1132 2499 1324 2553 essent
1364 2490 1587 2552 aetatis.
1687 2490 2121 2570 corrigendum
2173 2494 2439 2573 suspicor
2487 2492 2732 2555 Attico-

772 2620 937 2676 rum,
977 2598 1124 2680 (quo
1167 2615 1392 2676 genere
1436 2594 1781 2674 corrigendi
1832 2614 2012 2675 supra
2066 2617 2207 2657 usus
2256 2617 2388 2657 sum
2439 2597 2468 2656 1
2483 2643 2502 2673 ‚
2554 2598 2623 2673 1,
2668 2598 2730 2658 3.

768 2723 828 2782 p.
876 2698 1048 2781 274),
1092 2698 1680 2778 intelligendumque
1712 2705 1783 2757 ut
1804 2698 2177 2777 reliquarum
2203 2700 2728 2775 excellentiarum,

771 2806 857 2867 sic
892 2807 1111 2866 onium
1145 2823 1389 2883 quoque
1419 2802 1825 2883 principatum
1854 2802 2104 2862 Athenis
2127 2803 2381 2864 concedi
2408 2812 2470 2863 et
2499 2803 2732 2865 Atticis.

769 2908 894 2968 Nec
952 2915 1154 2966 tamen
1205 2918 1358 2966 artes
1407 2911 1556 2985 puto
1600 2924 1711 2984 pro
1746 2903 1887 2983 ipsis
1928 2904 2211 2982 operibus
2240 2904 2539 2965 artificum
2571 2904 2733 2981 dici,

771 3031 896 3092 quo
926 3009 1106 3070 modo
1145 3008 1526 3087 interpretari
1565 3006 1807 3067 videtur
1838 3008 2176 3067 Turnebus:
2218 3008 2583 3069 concedatur
2614 3009 2736 3070 hoc

773 3114 1014 3175 lloratio
1068 3114 1260 3173 Carm.
1297 3110 1406 3186 1V,
1449 3110 1518 3187 8,
1562 3113 1630 3186 5,
1674 3109 1736 3169 in
1791 3109 2079 3170 Cicerone
2111 3111 2351 3172 nullum
2385 3111 2736 3190 exemplum

775 3219 992 3297 reperi.
1038 3248 1118 3262 —-
1162 3215 1292 3275 Mox
1311 3260 1330 3290 ‚
1372 3222 1494 3273 tam
1535 3214 1764 3289 sedere,
1805 3232 1988 3292 quam
2024 3213 2320 3295 disputare
2354 3214 2433 3276 ad
2465 3215 2737 3295 philoso-

773 3322 924 3402 phos
968 3318 1385 3380 referendum:
1428 3315 1587 3378 cons.
1622 3315 1748 3375 Fin.
1786 3315 1865 3391 V,
1912 3317 1982 3392 1,
2020 3316 2081 3377 2.
2117 3337 2205 3397 sq.
2239 3352 2322 3365 --·
2355 3319 2736 3380 Recordotio·

773 3446 911 3501 nes,
953 3422 1115 3502 quod
1168 3423 1233 3481 in
1285 3420 1435 3480 meis
1486 3439 1730 3499 quoque
1777 3420 2118 3481 invenitur.
2177 3441 2300 3481 non
2332 3430 2452 3481 tam
2489 3430 2738 3502 propter

777 3527 975 3586 nescio
1014 3544 1198 3605 quem
1236 3549 1267 3582 n
1288 3531 1652 3583 concentum
1688 3522 1874 3598 loci,''
1920 3532 1987 3582 ut
2020 3523 2102 3582 ait
2140 3523 2533 3600 Goerenzius,
2574 3545 2733 3604 sper·

775 3629 1046 3688 nendum
1066 3635 1185 3703 est,
1203 3647 1384 3706 quam
1404 3625 1568 3705 quod
1586 3627 1649 3685 in
1669 3644 1889 3704 genere
1912 3624 2185 3705 loquitur
2201 3627 2457 3704 Atticus,
2484 3647 2597 3688 nec
2613 3628 2734 3687 alio

778 3740 1047 3810 tempore
1083 3738 1187 3790 aut
1215 3729 1461 3789 aliunde
1487 3730 1634 3789 alias
1661 3729 2101 3790 recordationes
2125 3728 2255 3789 fieri
2285 3730 2556 3791 indicare
2580 3731 2734 3792 vult.

857 3834 901 3918 §
941 3836 999 3895 5.
1077 3846 1133 3893 ei
1161 3832 1420 3914 quidem)
1498 3832 1595 3892 Sic
1629 3852 1665 3892 e
1696 3831 2092 3893 deterioribus
2130 3832 2298 3892 edidi
2341 3833 2511 3892 libris
2531 3880 2547 3910 ,
2586 3853 2733 3913 qno·

777 3940 942 4000 niam
992 3935 1369 3998 affirmationi
1420 3935 1735 4017 (equidem)
1788 3936 1855 3995 in
1903 3938 2020 3998 hoc
2069 3957 2349 4016 responso
2392 3937 2562 3997 locus
2611 3956 2732 3997 non

780 4050 938 4116 erat,
978 4041 1084 4102 sed
1136 4039 1335 4119 potius
1387 4039 1773 4115 correctioni,
1817 4058 1939 4118 qua
1991 4040 2158 4101 velut
2202 4040 2470 4120 expleret
2502 4040 2736 4100 Atticus

781 4142 881 4221 id,
921 4142 1087 4222 quod
1127 4143 1355 4203 Marcus
1392 4140 1646 4200 dixerat.
