3131 5032
722 456 852 522 308
1430 450 1573 517 Lus.
1617 449 1688 534 Ι,
1736 453 1812 533 4,
1873 451 1970 517 14.

716 661 1127 736 consuluntur,
1176 655 1523 737 exemplum
1575 665 1664 717 est
1710 656 1842 717 eius
1874 671 2267 735 epexegeseos
2281 697 2301 730 ‚
2341 672 2452 732 per
2485 670 2672 733 quam

712 764 820 824 hoc
856 763 1192 842 explicatur
1217 761 1487 821 subiecto
1513 781 1713 820 eorum
1744 761 1882 839 qui:
1919 758 1998 818 de
2031 778 2157 837 quo
2188 777 2414 837 genere
2449 756 2669 818 Madvi-

716 868 850 945 gius
900 866 1080 946 Epist.
1131 865 1276 926 Crit.
1328 864 1526 943 p..79.
1561 883 1648 944 sq.
1684 871 1743 922 et
1783 863 1860 923 ad
1894 862 2020 921 Fin.
2060 861 2191 938 111,
2239 861 2353 937 19,
2393 860 2504 937 64,
2545 862 2672 940 ipse

712 969 916 1029 notavi
961 969 1112 1029 Bihl.
1145 968 1287 1028 Crit.
1324 968 1395 1028 N.
1433 965 1500 1027 V.
1544 966 1574 1025 1
1614 987 1676 1046 p.
1711 966 1812 1028 32.
1894 966 1986 1025 lta
2017 965 2181 1025 Orat.
2213 964 2311 1040 11,
2351 962 2471 1039 77,
2511 963 2669 1024 313:

714 1084 887 1152 atque
921 1074 1100 1132 etiam
1119 1074 1188 1131 in
1205 1071 1309 1131 illo
1327 1070 1672 1150 reprohendo
1704 1091 1829 1145 eos,
1865 1070 1971 1149 qui
1986 1115 2003 1145 ,
2031 1088 2181 1147 quae
2216 1069 2461 1127 minimo
2480 1068 2669 1148 firma

714 1186 878 1248 sunt,
918 1196 988 1234 ea
1005 1177 1206 1255 prima
1241 1174 1555 1234 collocant.-
1591 1192 1732 1231 uam
1766 1174 1833 1231 in
1868 1172 2004 1246 illo,
2043 1178 2131 1230 est
2154 1182 2397 1251 propter
2424 1170 2553 1231 Ιιοσ.
2587 1200 2670 1216 -

716 1279 836 1358 Qui
889 1278 1274 1338 consuluntur
1320 1275 1683 1356 periphrasis
1716 1283 1831 1350 est,
1871 1294 1982 1353 pro
2022 1272 2464 1334 iurisconsulti:
2506 1272 2669 1334 conf.

714 1401 827 1460 pro
880 1380 1085 1455 Quint.
1139 1380 1248 1454 16,
1305 1379 1404 1442 53.
1443 1377 1611 1440 Verr.
1649 1379 1716 1455 1,
1757 1378 1873 1455 42,
1919 1378 2053 1439 107.
2096 1377 2212 1453 46,
2258 1377 2392 1438 120.
2429 1378 2666 1438 Caecin.

711 1483 828 1559 24,
863 1483 974 1545 66:
1007 1483 1113 1567 sed
1143 1484 1434 1563 pleraque
1468 1483 1590 1542 iam
1624 1483 1941 1560 occupavit
1972 1480 2145 1541 Parei
2179 1481 2491 1560 diligentia
2524 1481 2666 1543 Lex.

712 1585 858 1646 Crit.
885 1606 947 1666 p.
973 1570 1117 1648 268.
1144 1607 1231 1667 sq.
1248 1616 1329 1631 -·
1345 1586 1615 1646 Similem
1649 1585 2254 1645 circumlocutionem
2282 1604 2477 1663 quum
2508 1584 2666 1645 hene

710 1690 1030 1750 notavisset
1061 1690 1422 1750 Goerenzius
1456 1690 1522 1748 in
1556 1692 1665 1770 qui
1699 1689 1983 1766 audium,
2023 1690 2064 1749 i.
2098 1709 2152 1748 e.
2183 1688 2501 1767 discipuli,
2536 1688 2664 1749 rin.

707 1792 805 1869 ΙΙ,
853 1791 882 1850 1
905 1839 924 1869 ,
960 1792 1000 1852 2
1020 1839 1038 1868 ,
1067 1812 1385 1872 perperam
1414 1792 1580 1854 idem
1617 1791 1923 1853 transferri
1958 1793 2197 1855 volebat
2231 1792 2309 1852 ad
2345 1792 2527 1852 verba
2559 1794 2669 1873 qvi

705 1896 797 1954 ita
851 1894 1155 1974 loquatur,
1215 1894 1362 1955 ibid.
1417 1896 1486 1971 6,
1547 1893 1659 1971 15,
1715 1893 2043 1954 rectissime
2090 1894 2406 1972 castigatus
2449 1892 2588 1954 ideo
2628 1912 2665 1954 a

708 1996 1023 2075 Madvigio.

785 2120 1140 2179 quamquam
1191 2111 1277 2159 eet
1316 2102 1539 2180 populo
1572 2098 1994 2181 neceesarium)
2078 2100 2445 2183 Quamquam
2477 2099 2662 2161 habet

710 2202 760 2262 D
792 2201 871 2261 de
901 2200 1171 2262 Leidens.
1186 2248 1205 2277 ,
1239 2210 1301 2263 et
1330 2203 1570 2281 Lagom.
1596 2201 1712 2263 127
1726 2225 1739 2259 :
1773 2222 1931 2282 quae
1961 2202 2095 2263 fieri
2126 2211 2315 2283 potest
2353 2211 2423 2262 ut
2455 2223 2664 2263 recens

705 2306 996 2366 correctio
1047 2306 1123 2364 sit
1138 2351 1156 2380 ,
1216 2304 1475 2384 reliquis
1509 2306 1789 2365 omnibus
1828 2305 1957 2366 sere
1991 2306 2091 2366 vel
2125 2327 2302 2387 quam
2318 2352 2338 2383 ,
2377 2306 2475 2366 vel
2510 2306 2664 2386 quod

702 2408 1112 2486 servantibus3
1158 2407 1262 2468 sed
1294 2428 1437 2469 vera
1469 2417 1572 2470 est.
1591 2442 1673 2454 —
1690 2409 1821 2469 Mox
1837 2454 1857 2484 ‚
1898 2411 2006 2490 qui
2036 2411 2098 2468 ei
2130 2411 2363 2469 muneri
2380 2411 2661 2491 praefue-

701 2526 844 2574 runt
860 2561 878 2590 ,
920 2512 961 2573 i.
997 2534 1050 2574 e.
1084 2513 1192 2594 qui
1234 2521 1675 2589 exercuerunt,
1715 2512 1913 2574 simile
1949 2522 2036 2574 est
2076 2512 2260 2572 huius
2296 2512 2364 2572 in
2397 2512 2559 2574 Orat.
2592 2512 2659 2590 1,

704 2617 811 2695 46,
849 2613 997 2691 198,
1028 2619 1140 2693 iis,
1181 2618 1289 2697 qui
1320 2619 1381 2676 ei
1401 2629 1719 2698 praesunt,
1753 2637 1833 2677 sc.
1872 2617 1993 2676 iuri
2028 2615 2232 2691 civili,
2273 2624 2335 2675 et
2369 2619 2483 2691 55,
2517 2615 2662 2693 235,

703 2722 764 2779 ei
815 2721 1010 2779 studio
1049 2731 1353 2799 praesunt.
1405 2751 1488 2765 —
1533 2719 1611 2779 ln
1652 2719 2041 2799 sequentibus
2093 2720 2324 2780 servavi
2381 2718 2659 2780 ordinem

707 2823 1031 2884 verborum
1048 2870 1065 2900 ,
1111 2825 1317 2905 fuisse
1366 2835 1626 2904 expertes
1641 2869 1661 2899 ‚
1719 2843 1904 2903 quem
1957 2823 2171 2903 optimi
2226 2823 2350 2883 mei
2397 2824 2657 2898 habent,

701 2927 933 3006 quique
966 2926 1105 2986 ideo
1136 2927 1352 2987 melior
1381 2935 1495 3003 est,
1527 2926 1695 3006 quod
1727 2926 1811 2987 ita
1846 2933 2040 2987 totum
2069 2927 2305 3007 pondus
2326 2927 2659 2988 sententiae

701 3031 893 3109 magis
923 3030 989 3089 in
1020 3030 1221 3091 verbis
1252 3032 1522 3090 universi
1553 3032 1710 3090 iuris
1744 3030 1973 3091 haeret.

780 3135 1049 3193 universi
1106 3136 1262 3195 iuris
1313 3166 1395 3178 —
1445 3133 1553 3194 hoo
1607 3134 1787 3193 civile
1845 3134 2002 3214 quod
2041 3132 2277 3216 vocant)
2374 3134 2656 3196 Nondum

697 3236 1002 3302 Ciceronis
1035 3245 1229 3298 aetate
1258 3237 1342 3297 ita
1371 3237 1670 3317 descripta
1696 3237 1847 3297 iuris
1878 3246 2007 3298 erat
2037 3237 2355 3318 disciplina
2372 3283 2392 3313 ‚
2428 3246 2497 3298 ut
2530 3257 2657 3298 cer·

697 3341 778 3400 tis
826 3340 1326 3420 appellationibus
1388 3341 1488 3402 vel
1541 3361 1733 3420 genus
1751 3387 1769 3416 ‚
1824 3341 1924 3400 vel
1982 3339 2210 3402 formae
2261 3349 2649 3419 notarentur;

696 3453 879 3524 atque
911 3444 1164 3523 singulis
1209 3444 1355 3505 locis
1388 3445 1879 3505 constituendum
1912 3453 2001 3505 est
2015 3491 2034 3522 ,
2075 3445 2227 3525 quid
2259 3443 2652 3523 intelligatur.

691 3547 895 3609 Veluti
930 3548 993 3609 h.
1031 3548 1075 3608 l.
1109 3548 1436 3609 Creuzerus
1470 3549 1717 3609 videtur
1751 3556 1916 3608 certe
1962 3550 2306 3607 universum
2338 3550 2436 3608 ius
2467 3547 2652 3608 iutel-

689 3650 881 3729 ligere
917 3649 1011 3708 ius
1044 3648 1301 3709 civitatis
1327 3650 1664 3728 publicum.
1749 3649 1866 3709 Sed
1901 3650 2123 3709 rectius
2157 3657 2486 3710 statuemus
2515 3651 2652 3709 uni·

689 3775 921 3814 versum
953 3755 1053 3812 ius
1087 3772 1210 3813 esse
1248 3753 1436 3831 illud,
1477 3753 1645 3834 quod
1677 3752 1840 3814 Offic.
1862 3753 1988 3829 111,
2034 3752 2130 3826 17,
2170 3752 2278 3827 69,
2315 3772 2517 3812 venam
2550 3753 2651 3813 ius

686 3857 1048 3938 appellavit,
1088 3856 1283 3936 quod,
1323 3877 1518 3937 quum
1544 3860 1644 3918 ius
1666 3860 1939 3940 gentium
1966 3856 2044 3916 ad
2069 3876 2282 3917 eorum
2305 3857 2653 3918 societatem

685 3961 795 4040 qui
842 3959 1110 4021 eiusdem
1162 3960 1391 4039 gentis,
1449 3961 1549 4020 ius
1598 3961 1778 4021 civile
1831 3960 1906 4019 ad
1942 3979 2154 4020 eorum
2171 4005 2188 4035 ,
2230 3957 2339 4038 qui
2374 3957 2647 4019 eiusdem

684 4064 943 4124 civitatis
980 4071 1204 4137 essent,
1238 4063 1605 4141 pertineret,
1646 4064 1845 4142 ipsum
1891 4062 2107 4123 referri
2139 4060 2527 4124 manifestum
2559 4069 2650 4121 est

681 4166 761 4228 ad
813 4166 1157 4228 societatem
1210 4164 1528 4227 hominum
1580 4166 1742 4225 inter
1779 4165 2085 4241 homines,
2129 4165 2302 4226 cuius
2336 4165 2486 4225 iuris
2520 4180 2643 4225 non
