3131 5032
1122 450 1260 516 Lm.
1309 450 1403 534 u,
1465 453 1577 534 ιι,
1628 455 1733 518 28.
2272 458 2395 520 517

452 666 685 740 praeter
741 657 1107 739 templorum
1152 677 1359 719 veram
1407 658 1915 720 consecrationem
1936 705 1954 734 ‚
2007 680 2162 739 quae
2218 682 2397 721 mame

451 762 664 839 fiebat,
720 782 883 841 quae
933 762 1300 824 consecratio
1345 761 1434 821 sie
1484 761 1709 822 diserte
1756 761 2150 841 distinguitur
2181 765 2258 823 ab
2292 785 2362 824 ea
2379 810 2398 838 ,

448 884 610 946 quae
659 873 864 926 mente
891 885 1017 926 esse
1046 872 1297 946 poterat.
1376 865 1556 925 Nullo
1589 874 1753 926 certe
1790 865 1971 928 modo
2001 867 2243 946 probari
2275 876 2401 946 pot·

451 968 568 1028 erit
616 967 768 1028 haee
820 967 1257 1047 argumentatio
1275 1012 1294 1043 ‚
1356 966 1422 1026 in
1466 987 1589 1047 qua
1635 967 1942 1028 diceretur
1960 1013 1977 1043 ‚
2035 967 2237 1027 »utile
2282 988 2405 1028 esse

453 1070 756 1132 »Mentem
773 1116 791 1147 ,
832 1079 948 1132 eet.
998 1071 1201 1131 animo
1232 1070 1373 1131 deos
1409 1070 1666 1147 habere,
1706 1090 1849 1131 nam
1883 1072 1966 1131 ita
1997 1070 2130 1131 fieri
2164 1078 2232 1131 ut
2264 1071 2404 1132 deos

452 1197 486 1231 »
505 1174 573 1233 in
623 1174 839 1236 animis
882 1174 1200 1235 oolloeatos
1248 1177 1520 1254 putent.''
1564 1206 1647 1218 —
1689 1173 1820 1234 Mox
1871 1195 1994 1235 non
2023 1174 2406 1253 probandum

454 1284 576 1353 eet,
615 1276 780 1358 quod
812 1286 1073 1357 quatuor
1106 1277 1251 1336 libri
1287 1277 1548 1353 habent,
1590 1297 1872 1356 quorum.-
1916 1298 2039 1337 non
2073 1277 2240 1357 quod
2271 1297 2405 1338 om-

451 1380 603 1441 nino
649 1400 922 1459 prouom.
978 1388 1178 1441 neutr.
1241 1387 1370 1460 poet
1425 1379 1723 1440 feminina
1777 1379 2136 1440 excludatur
2183 1379 2405 1460 (statim

452 1492 586 1563 poet
635 1493 801 1544 reete
852 1492 940 1545 est
955 1528 975 1562 ‚
1017 1494 1085 1544 ut
1131 1483 1239 1543 illa
1274 1483 1382 1563 qui
1406 1480 1682 1562 habeant)
1698 1529 1716 1558 ,
1754 1482 1860 1543 sed
1891 1482 2058 1562 quod
2086 1483 2407 1543 relativum

455 1605 622 1646 nune
674 1595 961 1647 nontam
1001 1585 1081 1647 ad
1111 1585 1367 1646 virtute·
1383 1630 1403 1662 ,
1441 1604 1627 1664 quam
1668 1584 1747 1645 ad
1779 1586 1918 1644 deas
1949 1584 2249 1660 refertur,
2289 1605 2412 1645 eas·

456 1707 580 1768 que
630 1689 695 1749 in
740 1660 961 1768 ggnere
994 1697 1233 1750 tantum
1259 1690 1393 1748 deos
1426 1688 1843 1767 appellabant,
1881 1687 2012 1747 Nat.
2044 1685 2113 1746 l).
2154 1686 2251 1763 11,
2291 1687 2372 1747 23
2392 1732 2414 1762 ‚

457 1792 575 1868 61,
632 1803 701 1855 ut
746 1814 817 1854 ea
867 1795 999 1874 ipsa
1047 1795 1381 1852 nominetur
1426 1792 1587 1851 deus.
1668 1789 1915 1866 Contra,
1965 1791 2032 1849 in
2069 1788 2412 1868 philosophi

456 1894 862 1975 disputatione
926 1904 987 1957 et
1052 1894 1596 1969 demonstratione,
1652 1892 1799 1952 ibid.
1849 1913 2098 1972 quarum
2151 1894 2415 1952 omnium

560 2019 648 2058 um
684 2000 798 2078 qui«

560 2103 611 2161 st.
690 2100 798 2159 Nm

560 2225 653 2265 um
666 2249 684 2280 ‚
724 2224 760 2263 0
796 2225 798 2234 ⁴

560 2327 601 2367 ιο
630 2325 753 2365 eme
770 2351 788 2380 ‚

560 2429 654 2466 um
682 2408 798 2466 atil

560 2530 660 2570 are
693 2521 797 2569 aut

560 2631 782 2683 movero

560 2724 798 2796 *tponem

560 2821 722 2879 litate
768 2840 798 2878 t

560 2923 690 2998 ius,
732 2940 798 3000 pe

560 3046 683 3085 mm
717 3025 798 3083 ill¹

560 3148 615 3189 30
663 3128 798 3189 exoi

560 3236 629 3290 hm
672 3250 798 3291 vere

560 3338 693 3396 ione
751 3335 798 3395 h

560 3440 783 3519 quihus

560 3552 654 3605 unt
674 3588 693 3619 ‚
728 3545 798 3601 su

560 3667 564 3693 ν
594 3673 705 3719 -·,
741 3644 798 3703 dc

560 3744 662 3805 tius
694 3765 729 3806 a
760 3748 798 3806 L

560 3869 591 3911 e
623 3869 798 3912 aeeon

560 3973 647 4015 nm
698 3954 798 4013 Ast

463 4079 589 4119 non
644 4064 810 4117 oet-te
867 4057 1164 4137 optandae
1221 4068 1599 4121 consecratae
1656 4069 1866 4138 erant,
1922 4061 2079 4121 sieut
2135 4060 2412 4139 Spartae:

459 4161 622 4225 eous.
665 4160 964 4223 Plutarch.
1007 4160 1228 4225 Cleom.
1267 4184 1329 4244 p.
1371 4163 1511 4225 808.
1552 4164 1711 4226 med.
