3131 5032
810 480 939 547 532
1468 471 1608 538 Lm.
1654 472 1753 555 11,
1806 475 1921 555 15,
1968 474 2075 541 37.

822 683 1045 743 Romae
1079 680 1220 741 init.
1302 676 1421 740 Sed
1449 678 1766 758 imperite,
1807 686 1875 738 ut
1914 678 2069 738 mihi
2101 676 2378 757 videtur,
2420 677 2785 742 Goerenziu·

825 786 1021 848 Cereri
1053 785 1311 845 eiectum
1343 783 1617 845 volebat:
1661 783 1977 843 manifesto
2005 783 2170 843 enim
2203 782 2322 842 alia
2352 782 2543 841 initia
2557 828 2578 858 ‚
2621 801 2778 862 prae·

819 898 915 951 ter
949 889 1212 964 Cereris,
1254 888 1323 946 in
1356 886 1490 965 lege
1529 887 1912 965 abrogantur.

897 1003 1135 1054 sanatas
1169 1002 1332 1052 cetus
1367 991 1688 1050 auctoritas
1724 987 1829 1069 -)
1908 987 2334 1067 Intempestive
2378 987 2640 1047 Moserus
2675 986 2774 1047 de·

819 1096 1028 1158 scribit
1059 1092 1510 1174 Wyttenbachii
1548 1092 1995 1154 annotationem
2016 1138 2033 1167 ‚
2075 1091 2152 1151 ad
2187 1091 2438 1151 verbum
2474 1090 2601 1149 fere
2636 1108 2771 1149 cum

817 1197 1148 1259 Goerenzio
1192 1194 1633 1274 conspirantem
1649 1240 1668 1270 ,
1721 1214 1836 1254 nec
1883 1214 2174 1274 umquam
2191 1241 2209 1270 ,
2249 1202 2414 1254 certo
2443 1193 2564 1253 scio
2584 1239 2601 1265 ,
2639 1193 2773 1252 edi·

816 1300 966 1361 tioni
1012 1299 1386 1359 destinatam.
1423 1331 1504 1343 —
1536 1297 1668 1358 Mox
1684 1343 1702 1373 ‚
1745 1297 1897 1377 quid
1942 1298 2019 1358 de
2065 1300 2324 1358 exercita
2357 1297 2614 1356 adhibito
2643 1302 2768 1354 sta-

815 1401 1115 1462 tuendum
1157 1401 1260 1477 sit,
1299 1401 1535 1461 nescio:
1580 1400 1760 1460 tradit
1800 1401 1966 1462 enim
1999 1402 2200 1460 Livius
2234 1399 2491 1475 XXXIX,
2529 1397 2589 1473 8,
2628 1398 2764 1458 init.

817 1508 1130 1585 insequens
1176 1525 1368 1566 annus
1405 1537 1486 1549 —
1531 1505 1795 1565 consules
1834 1507 1908 1566 ab
1943 1508 2205 1566 exercita
2239 1535 2318 1549 -
2352 1505 2431 1563 ad
2459 1503 2769 1561 intestinae

816 1610 1248 1670 coniurationis
1281 1609 1609 1669 vindictam
1638 1611 1869 1669 avertit.
1929 1608 2158 1687 Corrigi
2187 1607 2435 1686 poterit,
2470 1606 2771 1666 consulam

813 1714 890 1774 ab
933 1713 1194 1773 exercita
1245 1713 1567 1773 accitarum
1623 1714 1887 1793 quaestio
1945 1746 2043 1772 —.
2098 1710 2184 1770 De
2238 1709 2555 1791 Diagonda
2610 1707 2767 1768 nihil

815 1815 1037 1895 reperi.

890 1940 1072 1979 novos
1108 1938 1239 1978 vero
1274 1918 1407 1978 deos
1423 1963 1442 1994 ,
1484 1929 1542 1977 et
1568 1920 1635 1976 in
1670 1917 1765 1978 his
1805 1918 2066 1979 colendis
2104 1929 2422 1977 nocturnae
2441 1915 2767 1997 pervigila-

808 2023 999 2081 tiones
1030 2020 1134 2101 —)
1212 2019 1638 2080 Revocandum
1672 2029 1822 2098 puto
1856 2040 2040 2080 novae
2062 2020 2551 2101 pervigilationes
2572 2064 2589 2093 ‚
2634 2018 2674 2079 i.
2711 2038 2766 2079 e.

806 2124 1267 2202 peregrinorum
1312 2140 1657 2199 sacrorum3
1700 2141 1824 2181 non
1863 2134 2183 2183 nocturnas
2199 2169 2217 2199 ‚
2259 2121 2630 2182 abundantia
2667 2121 2770 2181 in-

803 2232 992 2304 grata.
1072 2223 1168 2283 Est
1200 2223 1450 2303 quidem
1483 2243 1595 2301 pro
1620 2221 1845 2283 Fontei.
1878 2224 1984 2299 17,
2015 2226 2124 2302 37,
2156 2226 2459 2285 nocturnis
2488 2224 2769 2283 Fonteiae

804 2326 1101 2387 laboribus
1146 2326 1490 2408 vigiliisque
1505 2350 1534 2399 ,·
1587 2324 1692 2386 sed
1726 2327 1971 2405 vigiliae
2007 2348 2132 2389 non
2166 2347 2399 2406 semper
2433 2335 2767 2388 nocturnae

810 2437 968 2490 sunt.

886 2534 1343 2614 imprudentiam
1388 2534 1638 2593 consilio
1688 2537 1987 2615 expiatam
2032 2546 2187 2594 metu
2232 2535 2435 2594 liberet
2459 2532 2563 2614 —)
2643 2534 2767 2594 Ine·

795 2637 1117 2717 prudentia
1146 2637 1396 2698 consilio
1427 2639 1733 2716 capiatur,
1761 2639 1812 2696 si
1840 2638 1933 2713 id,
1966 2636 2129 2717 quod
2157 2657 2268 2718 per
2294 2637 2771 2716 imprudentiam

802 2739 1185 2799 commissum
1227 2721 1311 2799 est
1327 2786 1345 2815 ,
1398 2747 1599 2818 postea
1633 2740 1883 2801 consilio
1917 2749 1979 2801 et
2011 2741 2340 2801 deliberata
2369 2749 2571 2801 mente
2608 2742 2773 2801 male

801 2840 1030 2902 factum
1079 2862 1205 2902 esse
1253 2843 1595 2920 agnoscitur
1607 2867 1623 2920 3
1682 2852 1745 2902 et
1780 2843 1940 2905 hanc
1990 2844 2457 2922 imprudentiam
2493 2844 2769 2924 pontifex

799 2955 971 3007 metu
1010 2965 1238 3025 poenae
1278 2946 1538 3007 liberare
1578 2947 1816 3024 poterit.

882 3048 1198 3108 audaciam
1248 3051 1317 3107 in
1369 3060 1425 3108 et
1472 3048 1820 3108 inmitendis
1866 3048 2253 3129 religionibus
2289 3048 2522 3129 foedis)
2616 3050 2769 3110 Satis

807 3160 1053 3232 apparet
1101 3152 1248 3211 hinc
1269 3198 1286 3227 ‚
1337 3150 1535 3230 legem
1581 3151 1750 3210 illam
1784 3149 1850 3232 (§
1886 3150 1984 3209 22.
2021 3149 2181 3229 init.)
2217 3172 2447 3212 sacram
2489 3155 2768 3212 commis-

801 3266 932 3315 mm
961 3262 1076 3316 cet.
1091 3301 1109 3332 ,
1139 3274 1262 3315 esse
1288 3255 1675 3315 coronarium
1705 3236 2116 3332 praecedentis
2142 3253 2220 3313 de
2254 3256 2432 3314 sacris
2455 3257 2770 3317 nocturnis

800 3366 864 3419 et
893 3358 1349 3419 initiationibus,
1392 3358 1672 3419 Audacia
1701 3357 2024 3437 opponitur
2049 3357 2494 3437 imprudentiae
2516 3361 2768 3419 insacro

801 3462 1267 3536 committendo,
1322 3468 1384 3521 et
1425 3463 1669 3541 proprie
1712 3463 1780 3520 in
1823 3461 2039 3522 sanctis
2090 3461 2382 3521 violandis
2431 3462 2557 3523 dici
2588 3462 2766 3523 vide-

807 3571 939 3640 tur,
979 3565 1132 3624 sicut
1174 3563 1342 3624 Rosc.
1390 3562 1593 3625 Amer.
1636 3565 1750 3640 25,
1789 3563 1889 3625 70.
1971 3564 2249 3625 Ceterum
2281 3567 2515 3625 servavi
2549 3566 2768 3627 lectio-

799 3684 943 3725 nem
991 3673 1333 3743 corruptam
1352 3708 1371 3740 ,
1412 3667 1639 3744 quippe
1680 3665 2043 3744 optimorum
2084 3665 2407 3727 librorum:
2453 3687 2595 3728 nam
2634 3669 2767 3746 ipsa

801 3787 874 3829 ea
915 3787 1160 3849 quoque
1178 3812 1196 3842 ‚
1253 3786 1438 3846 quam
1499 3768 1758 3829 aliorum
1811 3767 2103 3829 librorum
2164 3771 2514 3832 auctoritate
2576 3769 2766 3832 edere

799 3873 1027 3947 solent,
1084 3872 1153 3928 in
1202 3870 1582 3930 admittendis
1599 3916 1616 3946 ‚
1677 3879 1991 3952 propterea
2047 3873 2288 3951 probari
2350 3894 2472 3935 non
2530 3882 2727 3954 potest
2743 3920 2764 3948 ‚

801 3977 966 4058 quod
995 3996 1117 4037 uon
1144 3976 1458 4058 religiones
1483 3976 1813 4051 admittere,
1848 3975 1953 4035 sed
1979 3977 2167 4036 scelus
2193 3985 2299 4037 aut
2319 3979 2578 4058 facinus
2601 3977 2768 4037 dici-

799 4089 918 4141 tur.
999 4078 1115 4140 Sed
1148 4079 1572 4139 ncimitandis
1605 4079 1855 4158 quidem
1874 4125 1892 4156 ,
1932 4100 2056 4160 quo
2089 4080 2323 4140 ducunt
2357 4079 2569 4157 Codd.‚
2608 4100 2766 4161 pro—

794 4184 926 4243 bari
958 4190 1182 4261 potest:
1225 4202 1339 4242 nec
1371 4183 1699 4263 quicquam
1725 4183 1974 4269 propius
2004 4204 2219 4244 vermn
2254 4183 2540 4246 accedere
2566 4191 2720 4263 puto
2741 4230 2761 4258 ,
