3131 5032
1108 416 1250 482 Lm.
1294 414 1389 500 11,
1449 417 1556 499 12,
1608 419 1714 483 29.
2255 420 2377 486 519

419 626 560 686 viris
574 623 789 700 doctis,
810 623 919 703 qui
940 622 1236 702 gerundia
1253 623 1382 698 ista,
1398 622 1698 699 vincendi,
1704 624 2008 703 potiundi,
2024 626 2371 703 statuendi,

413 749 450 789 a
498 726 917 807 glossatoribus
975 725 1240 805 profecta
1301 733 1536 805 putant.
1636 726 1812 801 Quod
1869 729 2375 790 constructionem

412 832 655 909 attinet,
713 831 898 892 verba
942 831 1027 891 sic
1077 829 1461 905 constituam,
1510 832 1681 889 nicae
1723 841 1902 909 potae
1945 834 2148 912 potins
2199 844 2372 912 atque

417 936 620 998 Statue
670 934 713 996 i.
755 954 808 996 e.
857 933 1163 1013 fingantur
1202 931 1479 992 nomina:
1531 940 1667 992 tum
1714 940 2083 1010 postremum
2130 937 2377 994 nomina

411 1048 545 1119 post
597 1038 1068 1119 espetendormn,
1138 1035 1461 1096 insititiam
1518 1034 1784 1096 videtur.
1847 1067 1928 1081 —-
1973 1036 2178 1097 Rebus
2236 1037 2377 1097 illu·

412 1141 667 1203 stt-andis
695 1142 833 1201 satis
860 1139 1219 1203 eruditionis
1247 1147 1707 1220 expromserunt
1733 1138 2012 1217 Interptt.
2093 1139 2376 1200 Eiusdem

410 1246 649 1325 generis
705 1244 1161 1306 commemorari
1222 1248 1456 1322 poterat
1508 1241 1624 1303 dea
1672 1243 1973 1303 Pollentia
1988 1287 2008 1318 ,
2067 1262 2144 1303 ex
2203 1242 2375 1303 Livio

409 1346 639 1406 XXXIX
658 1394 676 1423 ,
715 1348 758 1410 7
774 1393 794 1424 ,
834 1346 894 1408 8.

490 1449 884 1529 quoniamque
933 1442 1386 1527 exspectatione)
1474 1444 1742 1524 Recepta
1776 1453 1866 1507 est
1900 1447 2194 1507 correctio
2233 1465 2376 1509 sane

413 1569 490 1611 ex
534 1550 706 1610 libris
753 1550 1025 1628 Legum„
1070 1548 1176 1609 sed
1227 1548 1577 1609 necesaria.
1613 1579 1694 1593 —
1726 1548 1857 1610 Mox
1900 1569 1976 1608 ex
2023 1550 2376 1611 melioribus

408 1653 581 1713 libris
629 1652 908 1713 ordinem
954 1652 1161 1731 recepi
1212 1651 1361 1731 Spes
1404 1671 1443 1711 a
1496 1651 1768 1711 Calatino
1786 1696 1806 1727 ,
1844 1671 2031 1731 quem
2074 1654 2376 1732 postulare

408 1755 728 1817 videbatur
766 1753 1081 1815 sententia.

488 1860 863 1939 Fortunaque
913 1859 997 1919 eit
1035 1855 1142 1939 -)
1238 1858 1431 1917 Multo
1480 1857 1722 1918 delubra
1772 1861 1903 1918 eius
1949 1859 2091 1919 deae
2133 1860 2203 1918 in
2236 1862 2378 1922 urbe

408 1964 626 2040 fuisse,
681 1970 887 2023 monet
938 1961 1174 2022 Tacitus
1224 1959 1385 2020 Ann.
1431 1958 1564 2036 111,
1605 1960 1713 2038 71,
1754 1961 1863 2021 ubi
1903 1961 2029 2022 vid.
2071 1962 2209 2024 Ern.
2290 1965 2377 2025 De

408 2069 580 2128 Forte
613 2068 911 2142 Fortuna,
952 2064 1118 2126 idem
1153 2064 1338 2125 Tacit.
1373 2062 1522 2124 ibid.
1557 2063 1658 2140 11,
1700 2063 1806 2125 41:
1849 2063 2036 2126 Varro
2070 2066 2133 2127 L.
2173 2066 2236 2128 L.
2275 2066 2374 2128 VI.

404 2191 467 2251 p.
521 2171 662 2232 200.
719 2170 936 2249 Speng.
984 2170 1264 2229 Gai-aton.
1318 2166 1397 2227 ad
1446 2166 1834 2228 Plancianum
1883 2166 1997 2228 42:
2049 2167 2257 2230 Livius
2290 2171 2377 2247 X,

409 2273 527 2349 46,
572 2274 667 2334 14.
708 2272 955 2347 XXVII,
999 2271 1106 2346 11,
1145 2269 1335 2331 3:110
1370 2271 1779 2352 Primigenia,
1820 2271 2029 2343 XXIX,
2059 2271 2176 2348 36,
2206 2272 2265 2334 8.
2299 2308 2378 2320 -

411 2376 690 2436 Extrema
710 2419 728 2449 ‚
784 2374 984 2434 Comes
1039 2384 1192 2447 tuns,
1250 2391 1365 2432 nec
1405 2374 1708 2451 corrigere
1723 2418 1744 2449 ‚
1784 2392 1899 2433 nec
1932 2375 2215 2453 supplere
2247 2396 2377 2455 pos-

411 2496 581 2538 sum:
635 2474 741 2537 sed
790 2473 1079 2536 videntur
1116 2470 1481 2551 desiderari,
1523 2494 1683 2555 quae
1715 2474 1795 2537 ed
1829 2475 2248 2554 explicandam
2282 2478 2374 2540 le-

409 2601 547 2660 gem
585 2579 926 2662 pertinent,
969 2598 1142 2638 sacro
1171 2578 1480 2638 sollemnia
1512 2579 1761 2639 obeunte
1770 2622 1790 2653 ,
1831 2578 1970 2657 Cap.
2004 2578 2070 2656 8,
2116 2579 2210 2641 19.

1158 2781 1433 2850 CAPUT
1476 2781 1619 2848 XII.

488 2994 533 3076 ς
572 2993 672 3055 29.
755 2994 1070 3071 requietem
1102 2989 1296 3071 habu)
1374 2990 1564 3051 Euius
1592 2989 1767 3068 legis,
1792 2992 2021 3070 inquit,
2054 2991 2374 3055 consilium

403 3105 526 3174 est,
562 3105 632 3156 ut
663 3094 844 3155 liberi
875 3092 1205 3172 quiescant.
1223 3125 1304 3138 —
1324 3092 1683 3173 Compositio
1709 3095 1861 3152 anni
1882 3101 2143 3171 praestat
2169 3093 2376 3173 alteri,

398 3201 783 3282 compositor:
834 3217 980 3258 nam
1032 3197 1097 3256 in
1144 3197 1272 3276 ipsa
1334 3215 1582 3276 quoque
1642 3196 1780 3275 lege
1839 3204 1969 3256 erat
2017 3198 2371 3278 descriptum

394 3314 518 3364 esto
533 3347 553 3378 ,
593 3319 711 3361 nec
737 3298 1170 3379 praescribitur
1199 3298 1336 3377 quis
1365 3297 1685 3359 describat.
1711 3330 1794 3344 —
1820 3298 1925 3360 Aa
1941 3301 2374 3380 perfectionem

396 3426 634 3486 operum
683 3404 1077 3477 rusticorum,
1128 3402 1170 3462 i.
1214 3421 1271 3462 e.
1319 3409 1388 3461 ut
1426 3400 1647 3462 cadant
1678 3401 1745 3460 in
1778 3420 1851 3462 ea
1882 3403 2028 3463 anni
2059 3411 2368 3483 tempora,

397 3506 620 3585 quibus
649 3523 833 3583 opera
867 3502 988 3564 iam
1022 3501 1291 3582 perfecta
1322 3503 1464 3564 sint.

481 3607 639 3686 qnod
664 3618 889 3687 tenipus
916 3617 982 3665 nt
1007 3607 1443 3686 sacrificiorum
1468 3605 1790 3667 libamenta
1809 3607 2134 3692 serentur)
2214 3606 2362 3669 Con·

399 3716 517 3770 stat
547 3729 623 3769 ex
653 3709 780 3788 ipsa
804 3707 942 3786 lege
966 3708 1286 3771 Iibanoenta
1308 3719 1372 3771 et
1386 3711 1560 3791 setus
1581 3731 1862 3792 pecorum
1889 3711 2149 3773 aliorum
2179 3711 2363 3774 fuisse

398 3811 644 3872 dierum
662 3854 680 3886 ‚
734 3828 919 3888 quam
971 3810 1401 3888 perfectionem
1451 3828 1706 3891 operum
1755 3811 2155 3873 rusticorum:
2212 3813 2363 3874 hinc

396 3913 638 3992 cogitur
684 3911 842 3992 qnod
890 3922 1112 3992 ten-pm
1162 3911 1289 3973 diei
1328 3933 1453 3974 non
1479 3933 1685 3993 posse;
1729 3932 1932 3992 neque
1960 3925 2185 3993 tempus
2216 3933 2360 3992 pro-

397 4014 670 4078 bandum
704 4022 793 4076 ed
827 4014 895 4073 in
921 4013 998 4073 iis
1020 4032 1177 4093 quae
1201 4015 1524 4095 quotannis
1547 4014 1829 4079 redeunt.
1909 4014 2049 4075 Cod.
2072 4013 2168 4075 Cr.
2195 4017 2357 4095 apud

400 4122 690 4184 nonen-um
718 4117 943 4181 omittit
967 4128 1220 4197 tempu.-
1261 4117 1366 4180 sed
1393 4119 1577 4183 credo
1600 4120 1758 4199 qnod
1785 4130 2009 4199 tompus
2034 4120 2359 4200 sacrificio·
