3131 5032
1092 441 1234 511 Ln.
1280 439 1382 525 11,
1431 443 1547 526 24,
1597 445 1705 511 62.
2255 446 2383 513 571

430 650 820 728 notionemque
870 646 1077 708 acerbo
1129 658 1186 708 et
1240 648 1497 729 lugulm'.
1596 647 1669 708 Et
1711 667 1889 728 saepe
1931 667 2003 710 ea
2048 650 2396 711 nominibus

339 804 344 809 .
427 752 725 813 adiectiva
760 752 1134 828 iunguntur,
1174 770 1332 829 quae
1363 751 1577 831 propie
1609 752 1686 813 ad
1723 752 1843 813 alia
1873 753 2210 832 pertinent,
2250 774 2396 833 quo·

428 875 567 915 rum
607 854 891 933 cogitatio
927 853 1294 931 requiritur,
1336 855 1493 915 sicut
1529 856 2001 916 sordidissimum
2032 857 2399 935 periculum,

424 958 594 1038 qnod
626 957 703 1016 ab
739 956 944 1016 infima
979 955 1157 1034 plebe
1190 957 1528 1034 oriebatur,
1571 957 1650 1016 ad
1681 957 1812 1018 niv.
1838 958 1951 1018 ΧΠ
1970 1005 1991 1035 ,
2036 958 2101 1035 1,
2147 958 2203 1020 1.

504 1060 662 1140 quod
710 1069 903 1118 autem
956 1079 1190 1134 eorum,
1248 1060 1318 1119 id
1361 1070 1448 1120 ont
1491 1062 1845 1121 vestibulum
1882 1061 2166 1142 sepulcri)
2242 1060 2397 1122 Vera

422 1162 665 1222 videtur
715 1159 977 1220 Turnebi
1009 1161 1306 1222 correctio
1339 1180 1413 1220 ex
1450 1160 1654 1237 Festo,
1679 1163 1910 1242 forum.
1946 1194 2026 1205 —
2059 1161 2220 1238 Mox,
2256 1180 2399 1222 con·

422 1264 597 1324 iunxi
631 1265 832 1342 sunus
885 1273 952 1323 ut
1003 1249 1311 1323 indication·
1359 1263 1417 1321 si
1469 1263 1617 1340 quid
1648 1262 1949 1336 ludorum,
1989 1261 2400 1323 disiunctnah

424 1365 689 1439 Orellio‚
747 1364 1039 1443 quoniam
1091 1362 1224 1422 ludi
1273 1363 1522 1422 suerunt
1582 1363 1869 1427 funerum
1929 1363 2397 1426 indictivorum:

423 1467 583 1529 conf.
629 1468 862 1546 Lipsius
902 1468 1142 1526 Saturn.
1181 1465 1242 1539 1,
1285 1464 1346 1527 8.
1382 1496 1464 1510 —
1496 1466 1646 1524 Tum
1680 1466 1867 1526 edere
1901 1474 2173 1546 poteram
2206 1468 2400 1533 domi-

425 1589 650 1647 nmque
665 1571 944 1649 funeris,
986 1566 1154 1647 quod
1185 1567 1435 1645 praebet
1468 1567 1710 1646 Lagom.
1744 1567 1845 1629 96.

461 1726 468 1731 .
505 1670 550 1752 §
588 1671 688 1732 62.
769 1673 837 1731 in
889 1671 1229 1731 concionem
1278 1668 1697 1749 memorantur)
1775 1670 1907 1730 Non
1946 1670 2281 1735 debueram
2313 1672 2402 1732 vi·

424 1773 644 1835 tionum
712 1775 1053 1834 concionem
1107 1791 1380 1846 servare,
1444 1771 1511 1832 in
1564 1773 1808 1851 optimis
1870 1773 2039 1834 libris
2088 1792 2165 1835 ex
2217 1794 2404 1854 prava

425 1876 907 1956 reduplicatione
960 1874 1341 1936 consonantis
1390 1881 1614 1939 ortum.
1696 1874 1978 1937 Ceterum
2026 1876 2185 1937 bene
2219 1878 2404 1939 corri-

424 1980 591 2058 gitur
633 1989 1055 2053 mmor-entur.-
1113 1985 1245 2037 turn
1289 1977 1407 2039 hoc
1456 1985 1624 2038 recte
1660 1978 1902 2055 agnovit
1938 1978 2236 2055 Orellius,
2278 1999 2403 2043 non

425 2101 551 2142 ease
599 2082 709 2141 ista
761 2100 836 2141 ex
887 2080 1059 2158 lege,
1117 2078 1259 2153 sed,
1319 2078 1484 2157 qnod
1532 2079 1714 2139 modo
1747 2080 2102 2157 dicebatur,
2144 2084 2212 2141 in
2245 2102 2403 2142 more

428 2184 628 2245 fuisse.
725 2182 941 2262 Itaque
996 2201 1117 2259 non
1171 2189 1343 2241 erant
1395 2180 1547 2240 haec
1578 2181 1910 2260 separanda
1961 2202 1995 2243 a
2041 2184 2365 2263 praecedd.
2384 2228 2403 2259 ,

427 2284 1018 2364 intelligendumque
1080 2295 1182 2357 ut,
1239 2285 1397 2343 sicut
1454 2284 1518 2345 in
1573 2298 2002 2364 prosequatur,
2076 2287 2278 2348 deleto
2345 2299 2402 2349 et

426 2396 562 2468 post
604 2390 821 2448 etiam:
875 2385 1030 2445 vidit
1055 2384 1587 2463 'Wyttenbachium
1668 2386 1988 2465 Perperam
2020 2397 2225 2448 antem
2258 2409 2403 2449 cum

427 2489 527 2550 his
577 2488 867 2566 coniungi
919 2505 1077 2566 qnae
1128 2485 1450 2547 traduntur
1498 2486 1668 2548 Tunc.
1721 2488 1789 2564 1,
1831 2488 1908 2564 2,
1963 2491 2020 2551 3.
2068 2489 2179 2566 IV,
2222 2492 2297 2566 2,
2337 2491 2399 2556 3.

433 2592 603 2653 Brut.
637 2591 744 2666 19,
785 2592 866 2653 75
886 2636 905 2666 ,
945 2590 1105 2649 bene
1133 2588 1253 2648 iam
1291 2597 1612 2651 monuerat
1630 2590 2210 2673 Wolfiusffraelect.
2231 2594 2401 2658 Tusc.

430 2715 494 2775 p.
530 2693 671 2756 328.
707 2693 805 2754 ed.
840 2690 1054 2771 Orell.)
1129 2692 1205 2752 In
1255 2711 1422 2752 more
1471 2690 1652 2754 suisne
1698 2694 1804 2754 has
1837 2692 2213 2756 laudationes
2258 2704 2401 2760 ante

430 2818 521 2859 xn
571 2797 730 2872 tab„
789 2794 1063 2855 indicant
1120 2794 1398 2874 exempla
1455 2794 1621 2874 apud
1675 2795 1913 2857 Livium
1967 2797 2064 2873 11,
2121 2798 2240 2873 47,
2303 2799 2402 2863 11.

432 2898 502 2960 61
532 2944 551 2975 ‚
591 2900 651 2962 9.
734 2899 816 2958 In
845 2899 1159 2973 concione,
1200 2897 1241 2958 i.
1272 2917 1327 2958 e.
1353 2916 1465 2976 pro
1486 2897 1721 2974 restria,
1763 2907 1832 2961 nt
1859 2898 2063 2959 Livius
2081 2899 2403 2978 XXXVIII,

433 3002 514 3063 54
533 3046 552 3078 ,
592 3001 668 3062 9:
709 3001 1053 3079 pariterque
1105 3003 1320 3076 νόμου,
1365 2999 1404 3060 i.
1443 3019 1498 3060 e.
1544 3001 1729 3062 moris
1777 3000 2040 3080 probati,
2076 3003 2143 3063 in
2176 3003 2290 3064 hac
2332 3023 2403 3065 re

433 3106 805 3165 mentionem
842 3102 984 3162 facit
1010 3102 1367 3164 Plutarchus
1402 3102 1622 3165 virtut.
1651 3103 1793 3164 Mul.
1825 3124 1884 3183 p.
1911 3104 2052 3167 242.
2088 3105 2150 3167 F.
2230 3108 2406 3182 Quod

430 3208 511 3269 de
548 3207 835 3268 matronis
872 3204 1057 3266 tradit
1091 3206 1297 3267 Livius
1328 3204 1414 3281 V,
1457 3206 1570 3280 50,
1610 3206 1679 3282 7,
1719 3226 2068 3269 concessum
2114 3210 2403 3288 quidem,

431 3331 549 3378 nec
589 3318 797 3370 tamen
843 3314 1198 3386 usurpatum
1243 3306 1468 3367 dixeris
1509 3315 1650 3366 ante
1683 3306 2010 3386 Popilium,
2052 3309 2240 3370 Crassi
2274 3331 2406 3372 ma-

434 3423 623 3490 trem,
664 3411 745 3471 de
779 3431 903 3491 qua
938 3411 1061 3470 Cic.
1096 3409 1256 3470 Orat.
1289 3409 1389 3485 11,
1430 3408 1496 3467 11
1523 3454 1541 3484 ‚
1579 3407 1691 3486 443
1725 3410 1891 3488 quod
1927 3412 2130 3473 minus
2162 3412 2407 3475 videtur

436 3516 807 3594 expedivioee
855 3513 1171 3573 Turnebus
1206 3512 1270 3572 in
1308 3511 1474 3572 100oe
1512 3511 1703 3573 Cicer.
1746 3532 1808 3591 p.
1840 3513 1897 3574 9.
1930 3533 2019 3592 oq.
2069 3546 2134 3560 —
2168 3516 2405 3596 anque

436 3637 549 3696 pro
602 3637 849 3695 eoaque,
906 3616 1141 3677 inutilis
1190 3623 1279 3675 est
1327 3615 1652 3694 Schlegelii
1687 3616 2013 3676 correctio:
2058 3636 2200 3678 vere
2237 3619 2406 3681 enim

438 3727 653 3780 cantus
702 3717 929 3778 dicitnr
976 3720 1260 3797 prosequi
1329 3718 1567 3778 laudes:
1625 3718 1887 3794 accedit,
1947 3720 2115 3798 quod
2164 3741 2290 3782 non
2337 3721 2406 3784 in

437 3822 578 3883 nolis
625 3820 928 3881 honoratis
979 3819 1084 3879 ille
1135 3841 1262 3880 mos
1314 3821 1541 3896 valuit,
1598 3820 1757 3882 sicut
1808 3822 2017 3883 docuit
2065 3823 2135 3884 H.
2180 3824 2408 3902 Magius

438 3924 682 3987 miscell.
721 3925 748 3983 l
768 3969 787 3998 ,
837 3923 907 3982 13
926 3969 945 3998 ,
985 3922 1051 3980 in
1084 3922 1362 3984 Thesaur.
1399 3924 1556 3986 crit.
1578 3924 1638 3985 T.
1676 3924 1757 3985 11.

517 4030 622 4089 oui
653 4047 863 4087 nomen
897 4027 1110 4085 neniae
1145 4056 1227 4070 —
1260 4026 1666 4108 nominantur)
1743 4026 1958 4088 Totum
1992 4026 2111 4086 hoc
2142 4025 2410 4090 concedo

436 4134 570 4195 aliis
604 4140 673 4193 nt
703 4129 1172 4208 amplectantur:
1216 4130 1369 4191 mihi
1406 4138 1527 4193 tam
1561 4129 1773 4210 putida
1806 4127 1924 4206 rei,
1964 4148 2123 4208 qnae
2153 4128 2407 4192 minime
