3131 5032
733 439 863 504 282
1449 437 1595 503 Lm.
1646 435 1715 519 1,
1763 438 1841 520 2,
1889 438 1951 502 6.

724 643 1077 704 literarum:
1138 642 1217 702 de
1265 642 1451 702 Caelii
1500 642 1764 703 historiis
1781 688 1802 720 ,
1858 643 2020 704 Orat.
2073 642 2132 701 ΙΙ
2150 688 2169 719 ,
2235 643 2308 703 13
2328 689 2348 721 ,
2405 645 2511 705 54:
2567 666 2690 725 quo

721 747 903 809 modo
968 747 1228 807 maxime
1295 745 1719 825 frequentatur
1787 746 1945 825 apud
2018 745 2286 807 cadentis
2355 746 2689 810 Latinitatis

725 851 1058 930 scriptores.

799 952 843 1035 §
884 954 943 1015 6.
1042 974 1083 1013 a
1136 954 1355 1013 nostris
1408 952 1749 1011 hominibus
1804 952 1995 1012 adhuc
2053 963 2161 1012 aut
2218 954 2525 1035 ignorata,
2582 968 2686 1016 aut

715 1054 948 1136 relicta)
1045 1056 1208 1116 Unus
1256 1074 1534 1116 meorum
1589 1055 1888 1115 librorum
1927 1056 2431 1135 praepositionem
2462 1059 2685 1119 omittit

715 1167 856 1219 aute
890 1161 1141 1219 noste-is:
1181 1178 1530 1238 perperam:
1573 1178 1715 1218 nam
1754 1159 1852 1217 hio
1884 1159 2133 1238 quidem
2168 1159 2334 1221 locus
2366 1181 2492 1221 non
2524 1162 2686 1222 cadit

715 1262 784 1322 in
824 1281 960 1321 eam
1005 1261 1263 1322 formam
1279 1308 1296 1338 ,
1337 1262 1404 1321 in
1438 1279 1560 1340 qua
1592 1261 1724 1321 fieri
1755 1261 1943 1322 licere
1975 1263 2092 1324 hoc
2125 1263 2493 1324 demonstrat
2526 1264 2681 1326 Mad-

716 1365 838 1444 vig.
894 1364 972 1426 ad
1006 1364 1134 1426 rin.
1179 1363 1210 1423 I
1227 1409 1246 1439 ,
1299 1362 1371 1440 4,
1425 1365 1534 1439 11,
1582 1364 1881 1443 siquidem
1923 1365 2138 1426 resolvi
2175 1367 2468 1427 sententia
2501 1366 2685 1428 debet

714 1470 800 1530 ita
816 1516 835 1545 ,
895 1494 927 1527 »
943 1488 1038 1528 res
1083 1488 1269 1547 quam
1322 1468 1513 1528 nostri
1563 1468 1841 1529 homines
1891 1478 1997 1530 aut
2051 1471 2482 1549 ignoraverunt
2499 1516 2518 1546 ‚
2577 1478 2683 1530 aut

713 1573 1202 1651 »reliquerunt.’'
1238 1602 1320 1614 —
1354 1570 1472 1631 Sed
1515 1573 1860 1651 castiganda
1910 1574 2221 1634 Goerenzii
2265 1574 2680 1653 interpretatio

711 1684 824 1736 est:
867 1674 1169 1754 siquidem
1203 1676 1479 1756 ignorata
1516 1675 1770 1735 historia
1808 1684 1933 1752 est,
1973 1695 2161 1756 quam
2193 1698 2275 1737 ne
2305 1678 2680 1757 suspicantur

710 1777 965 1858 quidem
1009 1785 1177 1839 tanto
1230 1776 1516 1839 orationis
1551 1784 1614 1836 et
1646 1778 2048 1856 dispositionis
2080 1777 2334 1839 artifieio
2366 1787 2639 1839 constare
2659 1826 2678 1856 ,

708 1883 918 1942 aelicta
929 1928 949 1957 ,
988 1900 1175 1960 quam
1205 1900 1331 1940 non
1365 1880 1719 1958 attigerunt:
1762 1890 1824 1941 et
1849 1882 1934 1941 sic
1964 1882 2487 1962 interpretandum
2510 1881 2675 1944 Offic.

709 1985 843 2061 111,
883 1984 924 2044 2
943 2029 962 2060 ,
1004 1983 1044 2044 9
1063 2030 1083 2060 ,
1124 1983 1234 2044 ubi
1276 2003 1598 2063 perperam
1634 1983 1827 2046 Beier.
1862 1985 2133 2045 relictum
2168 1986 2450 2065 exponit,
2489 2005 2676 2046 reser-

711 2095 921 2148 vatum
951 2086 1020 2146 in
1054 2084 1223 2145 aliud
1256 2092 1522 2165 tempus:
1564 2085 1792 2147 dieitur
1818 2088 1991 2147 enim
2028 2088 2343 2150 Panaetius
2371 2089 2677 2168 agnovisse

713 2189 963 2270 quidem
983 2235 1001 2265 ,
1047 2207 1172 2249 :non
1206 2188 1504 2266 ignorasse
1531 2187 1905 2270 (suscepisse)
1936 2192 2176 2252 tertiam
2211 2192 2380 2252 illam
2412 2201 2674 2272 partem,

711 2292 818 2353 sed
859 2311 982 2352 non
1018 2298 1366 2370 persecutus
1399 2310 1524 2351 esse
1556 2289 1940 2372 (reliquisse.)
2022 2292 2095 2352 Et
2126 2294 2455 2375 intelligere
2494 2293 2671 2373 quid,

709 2401 819 2455 aut
847 2414 1018 2475 quem
1034 2440 1053 2470 ,
1094 2392 1611 2474 quemadmodum
1653 2396 1964 2476 ignorare,
2005 2396 2047 2456 i.
2084 2416 2140 2457 e.
2173 2396 2356 2476 quale
2393 2405 2455 2457 et
2485 2416 2671 2476 quan·

710 2505 843 2560 tum
894 2495 1048 2576 quid
1097 2496 1208 2574 sit,
1264 2496 1557 2576 exemplis
1606 2495 1880 2558 firmatur
1922 2516 1961 2558 a
2007 2496 2336 2558 Ruhnken.
2372 2497 2452 2558 ad
2482 2496 2673 2562 Rutil.

707 2602 859 2678 Lup.
892 2620 956 2679 p.
988 2599 1091 2676 16,
1132 2600 1266 2681 (ubi
1291 2600 1442 2660 vitio
1466 2619 1789 2679 operarum
1813 2600 2035 2660 citatur
2066 2601 2325 2663 Gronov.
2356 2602 2435 2661 ad
2458 2601 2674 2664 lustin.

708 2704 840 2765 XII.
880 2702 935 2764 1.
968 2723 1162 2784 quum
1197 2705 1273 2764 sit
1305 2703 1470 2765 xm.
1513 2699 1596 2784 1.)
1626 2704 1983 2783 Relinquere
2036 2724 2196 2780 esse,
2249 2702 2329 2764 de
2377 2705 2674 2766 industria

708 2827 834 2868 non
882 2807 1217 2885 attingere,
1275 2804 1640 2885 intelligitur
1685 2826 1760 2867 ex
1806 2805 1936 2866 Fin.
1986 2806 2055 2883 1,
2095 2806 2173 2882 6,
2207 2805 2303 2868 18.
2344 2806 2455 2885 IV,
2494 2806 2571 2884 3,
2611 2808 2672 2870 7.

779 2922 918 2992 post
971 2910 1215 2970 annales
1267 2910 1627 2990 pontificum
1695 2906 2113 2989 maximorum)
2209 2909 2519 2971 Gloriatur
2570 2910 2673 2972 hio

707 3012 964 3075 Moserus
1013 3012 1438 3073 emendatione
1486 3033 1596 3073 sua
1611 3057 1631 3089 ,
1690 3033 1767 3073 ex
1819 3031 1942 3091 qua
1989 3012 2115 3091 legi
2169 3014 2305 3074 vult
2360 3016 2669 3076 nmfimos.

707 3116 1005 3196 Equidem
1052 3116 1240 3177 laudo
1288 3114 1585 3175 Orellium
1601 3161 1622 3192 ,
1677 3115 1787 3194 qui
1830 3114 1949 3175 hoo
1995 3134 2121 3174 non
2170 3117 2517 3196 suseeperit.
2596 3116 2671 3176 Ut

707 3220 874 3279 enim
943 3237 1053 3296 per
1113 3238 1177 3277 se
1229 3225 1468 3278 rectum
1519 3225 1608 3276 est
1657 3218 1900 3277 annales
1944 3219 2199 3278 maximi
2214 3263 2234 3294 ,
2292 3219 2376 3279 ita
2427 3220 2672 3280 annales

706 3322 961 3381 maximi
986 3321 1343 3401 pomq‘ficum
1367 3320 1534 3380 idem
1559 3329 1739 3398 esset,
1768 3320 1936 3401 quod
1965 3322 2210 3382 annales
2235 3324 2489 3383 maximi
2507 3343 2671 3403 pon-

708 3423 937 3501 ttficum
971 3424 1362 3484 maximam
1378 3471 1397 3501 ,
1437 3444 1560 3503 qua
1590 3425 1825 3486 ratione
1860 3425 2025 3486 dieat
2050 3426 2190 3505 quis
2220 3426 2478 3488 edietum
2509 3427 2670 3487 aedi-

708 3526 907 3585 litium
944 3524 1247 3586 aedilium.

790 3624 1140 3709 iucundius)
1234 3630 1589 3710 Conspirant
1638 3633 1706 3692 in
1756 3632 1873 3693 hae
1934 3632 2197 3693 lectione
2246 3632 2371 3693 mei
2422 3652 2670 3713 quoque

708 3748 952 3805 omnes,
993 3749 1178 3810 quam
1226 3751 1410 3793 nemo
1461 3754 1641 3795 sanus
1656 3782 1674 3811 ‚
1715 3735 1929 3814 opinor
1947 3782 1964 3812 ,
2004 3755 2175 3796 nuno
2203 3734 2519 3812 defendet,
2560 3736 2668 3796 mi·

708 3835 1001 3914 nimeque
1050 3835 1359 3914 omnium,
1414 3838 1580 3916 quod
1621 3838 1767 3900 facit
1803 3839 2199 3916 Goerenzius,
2232 3842 2587 3900 suavitatem
2614 3851 2671 3899 et

712 3937 1151 3998 delectationem
1188 3941 1259 3998 in
1291 3943 1690 4023 cognoscendo
1724 3941 1913 4023 (Orat.
1945 3943 1974 4002 I
1995 3989 2015 4020 ,
2057 3942 2136 4003 43
2155 3988 2174 4019 ,
2220 3940 2362 4023 193)
2397 3942 2477 4002 ad
2512 3943 2671 4004 hanc

710 4041 1016 4101 scribendi
1068 4043 1306 4121 generis
1333 4062 1649 4105 censuram
1687 4045 1974 4106 conseret.
2058 4046 2326 4106 Davisius
2358 4046 2539 4125 plura
2572 4065 2671 4106 ex-

716 4141 1031 4219 cogitavit:
1075 4143 1178 4203 sed
1213 4145 1302 4204 nil
1338 4147 1540 4208 verius
1571 4155 1660 4207 est
1694 4166 1878 4225 quam
1916 4150 2266 4226 incomeim,
2308 4147 2475 4226 quod
2505 4146 2673 4209 facil·
