3131 5032
785 417 915 481 534
1457 410 1598 477 Lm.
1645 411 1739 492 11,
1794 416 1911 494 15,
1959 414 2065 477 39.

871 617 1143 696 Platoni)
1221 617 1370 676 Tum
1420 636 1493 676 eo
1538 618 1706 691 loco,
1764 619 1874 696 qni
1924 614 2179 676 indicari
2227 617 2409 693 solet,
2454 616 2605 696 Καρ.
2642 616 2760 693 lv,

791 744 852 802 p.
904 722 1054 796 424,
1112 720 1179 779 1).
1234 727 1366 778 tum
1416 720 1548 779 aliis
1596 721 1744 780 loeis
1800 720 1878 779 de
1929 720 2046 780 hoc
2101 728 2454 799 argumento
2504 721 2762 799 exponit

785 827 987 886 Plato:
1047 824 1206 885 conf.
1263 824 1441 901 Legg.
1495 823 1625 899 111,
1685 843 1746 904 p.
1798 823 1941 884 700.
2002 844 2126 903 sq„
2183 824 2423 903 aliaque
2488 825 2759 885 eontulit

792 930 1019 990 laeobs.
1078 930 1237 988 Lect.
1288 927 1625 987 Stobaeens.
1667 947 1727 1006 p.
1768 926 1866 988 79.
1901 947 1990 1007 eq.
2022 960 2104 972 —
2137 926 2300 1002 Mox,
2343 949 2520 1007 quam
2554 931 2757 989 vado·

793 1034 1048 1095 canendi
1098 1052 1303 1108 sonos,
1363 1050 1575 1091 verum
1616 1050 1741 1090 eme
1780 1050 1903 1090 non
1941 1039 2165 1109 potest:
2208 1050 2409 1110 neque
2442 1032 2608 1091 enim
2632 1033 2755 1093 ain·

713 1130 718 1135 ’
788 1137 922 1217 guli
966 1138 1102 1195 soni
1137 1154 1270 1194 eam
1316 1134 1442 1193 vim
1482 1133 1739 1209 habent,
1778 1133 1885 1193 ned
1913 1134 2259 1213 compositio
2285 1135 2556 1215 plurium
2585 1155 2759 1196 nono-

789 1261 929 1301 rum
981 1238 1058 1299 ad
1112 1246 1347 1299 certum
1413 1236 1726 1311 ordinem,
1783 1238 1895 1316 qni
1954 1238 2159 1298 modus
2217 1237 2482 1299 canendi
2528 1237 2759 1298 dieitur

790 1340 1122 1424 (melodia).
1202 1341 1400 1415 Quare
1444 1359 1519 1400 ex
1557 1339 1813 1399 lectione
1845 1340 2082 1419 Lagom.
2116 1339 2197 1402 39
2229 1341 2520 1401 canendos
2549 1340 2755 1402 nodat

791 1467 963 1507 sonos
981 1491 999 1521 ‚
1038 1443 1425 1504 retinendum
1466 1451 1616 1523 puto
1651 1443 1906 1503 canendi
1937 1444 2154 1505 modo«.

870 1570 1122 1629 namque
1171 1559 1229 1608 et
1276 1548 1493 1607 incitat
1540 1544 1646 1626 —)
1745 1547 1905 1606 Unus
1952 1545 2158 1607 Amhr.
2211 1568 2265 1626 γ.
2315 1548 2607 1607 incitant.-
2645 1543 2761 1606 ned

791 1655 1011 1733 singul.
1075 1652 1302 1732 pendet
1367 1670 1444 1711 ex
1512 1652 1625 1710 vis.
1685 1682 1765 1695 -
1825 1649 1976 1709 Tum
2046 1647 2475 1729 oorrigendnm
2541 1649 2762 1728 opinor

793 1759 1128 1818 conservari
1177 1755 1410 1814 modum
1427 1800 1446 1831 ‚
1505 1761 1575 1813 nt
1626 1751 1759 1812 aliis
1814 1752 1962 1812 loeis
2019 1760 2151 1831 poet
2212 1752 2468 1813 verbnm
2525 1753 2759 1832 imper-

792 1862 1014 1922 sonale.

873 1985 1124 2044 quarum
1166 1983 1350 2022 mores
1385 1962 1540 2041 lapsi
1581 1962 1661 2019 nd
1699 1962 2003 2021 mollitiem
2024 1961 2258 2041 pariter
2285 1971 2428 2019 eunt
2455 1962 2763 2020 inundati

793 2088 927 2128 eum
960 2066 1259 2143 cantibus)
1337 2062 1590 2142 Requiri
1629 2071 1777 2141 puto
1808 2063 1907 2139 id,
1948 2062 2114 2144 qnod
2147 2062 2330 2122 habet
2363 2063 2608 2141 Lagom.
2642 2064 2761 2139 65,

790 2169 1121 2227 immutatis
1134 2190 1162 2238 ;
1223 2174 1292 2224 ut
1339 2184 1544 2224 sensus
1596 2166 1673 2224 sit
1688 2211 1707 2241 ‚
1768 2167 2133 2245 simulatque
2191 2173 2401 2226 cantus
2455 2165 2765 2226 immutati

792 2278 934 2330 sunt
950 2315 968 2344 ‚
1011 2286 1205 2363 more}
1246 2268 1471 2347 pariter
1519 2256 1670 2347 lapsi
1722 2277 1881 2330 sunt.
1963 2268 2076 2330 Pro
2110 2270 2189 2329 ad
2225 2269 2530 2328 mollitiem
2564 2289 2763 2350 quum

791 2374 833 2433 C
869 2372 1089 2433 habeat
1125 2373 1204 2432 ad
1238 2372 1482 2431 mollitis
1501 2418 1518 2447 ,
1559 2370 1730 2432 haud
1770 2374 1976 2452 inepte
2017 2373 2151 2451 quis
2183 2373 2521 2452 suspicetur
2552 2373 2764 2433 lectio-

789 2495 932 2538 nem
966 2477 1125 2537 hane
1167 2475 1502 2555 designari,
1543 2496 1616 2536 ac
1656 2475 1893 2537 molliti.

872 2581 983 2640 hac
1035 2580 1340 2640 dulcedine
1393 2581 1831 2660 comptelaque
1865 2577 2193 2659 depravati)
2273 2579 2408 2640 Hae
2444 2581 2486 2638 i.
2522 2599 2577 2639 e.
2611 2598 2765 2640 ean-

793 2692 995 2758 tnum,
1016 2689 1085 2742 ut
1112 2702 1253 2742 mox
1281 2683 1423 2742 huic
1451 2684 1800 2742 mutationi:
1827 2683 2211 2761 pertinetque
2237 2681 2356 2743 hoo
2379 2681 2458 2743 ad
2475 2702 2576 2760 ea,
2602 2702 2766 2762 qnae

793 2784 1220 2846 animadvertit
1258 2784 1590 2864 Madvigius
1625 2785 1702 2844 ad
1734 2784 1861 2844 Fin.
1897 2805 1957 2864 p.
1992 2784 2113 2845 258
2149 2792 2210 2845 et
2239 2783 2376 2846 691.
2457 2785 2535 2845 In
2568 2786 2766 2845 dalee-

795 2891 934 2949 dine
954 2935 971 2964 ,
1011 2908 1207 2968 quum
1254 2909 1366 2968 per
1408 2908 1659 2968 zeugma
1705 2908 1779 2949 eo
1811 2886 2110 2948 referatur
2147 2889 2486 2968 depravati,
2526 2888 2766 2948 intelli·

792 2991 1061 3072 gendum
1101 2992 1336 3052 molliti.

871 3097 942 3154 in
976 3095 1222 3154 auribus
1267 3091 1628 3175 animisque)
1707 3093 1836 3154 Non
1879 3093 1998 3152 suit
2033 3093 2375 3155 emendatio
2413 3096 2765 3172 Goon-endi,

797 3207 870 3259 nt
894 3198 1197 3260 omitteret
1227 3218 1337 3277 que
1365 3196 1555 3278 (qnod
1588 3198 1769 3257 etiam
1804 3198 1870 3256 in
1905 3197 1946 3257 C
1980 3197 2340 3275 omittiturz)
2380 3198 2487 3258 sed
2520 3218 2766 3259 sensnm

795 3302 882 3361 ita
933 3299 1244 3379 pervertit.
1344 3300 1537 3358 Aures
1595 3301 1899 3379 animique
1943 3299 2269 3360 coniuncte
2315 3300 2640 3376 dicuntur,
2698 3301 2769 3360 id

797 3412 885 3464 est
936 3404 1178 3463 aurium
1238 3401 1537 3461 iudicium
1591 3411 1654 3462 et
1707 3403 2102 3483 exspectatio,
2144 3414 2207 3464 et
2238 3403 2302 3464 id
2332 3403 2500 3483 quod
2534 3404 2770 3484 expleri

799 3506 1104 3567 audiendo
1138 3505 1454 3585 cupimus:
1497 3526 1672 3566 auree
1711 3507 2021 3586 animique
2058 3508 2278 3568 mutati
2323 3515 2490 3569 tanto
2527 3507 2770 3570 facilins

803 3608 972 3669 illam
1005 3617 1295 3667 cantuum
1331 3609 1729 3669 mutationem
1763 3609 2154 3671 admiserunt.

883 3710 926 3791 §
968 3709 1067 3769 39.
1149 3712 1516 3788 quamobrem
1556 3713 1659 3772 ille
1695 3713 1930 3791 quidem
1964 3716 2440 3795 sapimiuimus
2471 3712 2576 3796 —)
2654 3715 2772 3775 ob-

805 3812 1270 3892 temperandum
1319 3821 1466 3892 puto
1500 3814 1575 3873 iis
1608 3813 1803 3890 libris,
1841 3815 1949 3894 qui
1981 3816 2217 3895 quidem
2249 3817 2569 3891 omittunt,
2612 3837 2774 3896 qnae

808 3919 967 3980 coni.
1011 3925 1141 3976 tum
1188 3916 1322 3975 aliis
1368 3916 1575 3976 multis
1619 3916 1766 3977 loeis
1811 3917 2228 3997 intempestive
2279 3918 2598 3996 inseritur,
2638 3929 2775 3980 tum

810 4044 945 4084 eam
974 4021 1255 4082 nonnulli
1286 4021 1428 4081 libri
1455 4021 1680 4081 habent
1706 4022 1845 4101 Cap.
1881 4021 1986 4096 16,
2017 4022 2127 4100 41,
2156 4044 2230 4081 ne
2248 4024 2490 4102 placare
2516 4025 2777 4104 quiden.

810 4127 1035 4187 Addito
1057 4127 1292 4206 quidem
1316 4124 1683 4205 significatur
1707 4126 1827 4186 iam
1855 4124 2054 4185 suntim
2081 4125 2311 4203 aliquid
2339 4124 2779 4204 excipiendum
