3131 5032
642 1396 729 1448 29.

646 2230 733 2283 30.

638 3784 726 3836 81.

1740 447 1826 519 16

802 682 997 736 nunc
1033 663 1349 735 breviter
1383 663 1870 758 attinguntur:
1923 659 2049 731 sed
2090 664 2417 731 omnium
2455 685 2642 758 quae
2679 668 2749 733 in

802 782 1180 852 hominum
1217 779 1602 857 doctorum
1624 784 1646 824 ¹
1685 777 2168 875 disputatione
2198 792 2608 868 versantur,
2640 788 2754 852 ni-

802 899 906 969 hil
929 913 1037 971 est
1063 896 1390 997 profecto
1412 896 1940 997 praestabiliuS,
1968 920 2186 993 quam
2216 896 2423 996 plane
2451 899 2754 998 intelligi

798 1042 934 1089 nos
969 1017 1060 1090 ad
1094 1021 1438 1090 iustitiam
1476 1041 1629 1088 esse
1665 1030 1903 1107 natOS,
1935 1040 2176 1113 neque
2207 1020 2586 1115 opinione,
2623 1019 2754 1091 sed

799 1152 1056 1210 natura
1107 1140 1580 1209 constitutum
1629 1160 1781 1217 esse
1815 1140 1946 1208 ius.
2045 1135 2126 1208 Id
2162 1139 2304 1208 iam
2336 1136 2638 1234 patebit,
2690 1143 2752 1208 si

800 1256 1177 1328 hominum
1221 1260 1412 1327 inter
1447 1259 1642 1354 ipsos
1683 1259 2097 1327 societatem
2136 1257 2753 1328 coniunctionem-

800 1399 944 1472 que
993 1377 1462 1474 perspexeris,
1562 1372 1759 1446 Nihil
1804 1387 1915 1445 est
1950 1374 2144 1444 enim
2175 1397 2405 1445 unum
2438 1377 2567 1444 uni
2605 1388 2755 1448 tam

798 1494 1062 1583 simile,
1098 1507 1245 1566 tam
1280 1518 1442 1592 par,
1476 1517 1697 1591 quam
1730 1517 1980 1565 omnes
2019 1496 2208 1565 inter
2238 1507 2519 1566 nosmet
2552 1496 2757 1593 ipsos

799 1638 1070 1685 sumus.
1168 1611 1385 1703 Quod
1431 1616 1494 1683 si
1533 1611 1945 1711 depravatio
1995 1594 2637 1705 consuetudinum,
2697 1619 2756 1685 si

801 1736 1232 1832 opinionum
1266 1734 1540 1805 vanitas
1571 1756 1722 1803 non
1751 1729 2314 1803 imbecillitatem
2344 1734 2754 1805 animorum

799 1867 1176 1948 torqueret
1227 1866 1300 1924 et
1345 1850 1668 1923 flecteret
1704 1873 2172 1948 quocumque
2211 1854 2592 1950 coepisset,
2641 1859 2755 1925 sui

799 1995 1016 2042 nemo
1065 1975 1217 2070 ipse
1252 1983 1401 2041 tam
1433 1968 1679 2040 similis
1714 1983 1930 2061 esset,
1981 1994 2198 2067 quam
2238 1995 2491 2044 omnes
2528 1987 2698 2044 sunt
2721 1986 2749 2025 ²

800 2092 1148 2160 omnium.
1246 2094 1497 2185 Itaque
1546 2113 2048 2186 quaecumque
2088 2104 2197 2161 est
2228 2090 2545 2162 hominis
2575 2090 2753 2164 defi*

804 2211 1019 2298 nitio,
1059 2233 1202 2281 una
1235 2211 1311 2278 in
1343 2231 1596 2279 omnes
1633 2208 1832 2281 valet.
1899 2208 2119 2299 Quod
2147 2215 2554 2307 argumenti
2584 2214 2755 2283 satis

804 2340 911 2399 est
947 2326 1219 2399 nullam
1255 2326 1909 2400 dissimilitudinem
1944 2352 2096 2401 esse
2129 2333 2203 2400 in
2235 2352 2533 2426 genere:
2566 2356 2755 2427 quae

738 2500 749 2513 .
803 2448 862 2516 si
918 2458 1141 2537 esset,
1215 2470 1363 2518 non
1429 2470 1577 2521 una
1639 2471 1892 2520 omnes
1944 2446 2274 2521 definitio
2329 2453 2754 2524 contineret.

800 2569 1083 2637 Etenim
1134 2569 1349 2656 ratio,
1406 2590 1553 2663 qua
1612 2592 1758 2639 una
1809 2582 2252 2667 praestamus
2300 2568 2559 2660 beluis,
2619 2596 2757 2670 per

803 2709 1022 2782 quam
1061 2688 1474 2757 coniectura
1510 2685 1856 2775 valemus,
1891 2702 2508 2785 argumentamur,
2548 2689 2755 2763 refel-

801 2805 1048 2895 limuS,
1099 2806 1544 2896 disserimus,
1594 2804 2015 2879 conficimus
2048 2807 2349 2905 aliquid,
2388 2810 2753 2882 concludi-

802 2949 997 3015 mus,
1058 2939 1250 2998 certe
1319 2939 1428 2997 est
1491 2929 1927 3015 eommunis,
1986 2926 2311 3001 doctrina
2374 2928 2748 3018 differenS,

797 3043 1116 3117 discendi
1150 3042 1446 3141 quidem
1483 3043 1821 3118 facultate
1851 3071 2000 3145 par.
2101 3052 2282 3121 Nam
2313 3064 2385 3122 et
2422 3051 2751 3124 sensibus

796 3162 1045 3236 eadem
1084 3166 1326 3234 omnia
1365 3165 2109 3262 comprehenduntur,
2143 3182 2215 3239 et
2251 3192 2333 3240 ea
2371 3194 2556 3265 quae
2595 3195 2750 3244 mo-

791 3294 964 3352 vent
1009 3305 1289 3370 sensuS,
1349 3282 1600 3354 itidem
1653 3300 1945 3358 movent
1992 3291 2348 3360 omnium:
2410 3315 2747 3388 quaeque

794 3403 875 3472 in
902 3403 1160 3473 animis
1195 3404 1741 3500 imprimuntur,
1781 3404 1874 3477 de
1909 3405 2176 3502 quibus
2208 3422 2374 3481 ante
2404 3408 2588 3502 dixi,
2634 3414 2745 3481 in-

796 3519 1094 3592 choatae
1145 3520 1689 3621 intelligentiae,
1740 3525 2065 3598 similiter
2108 3532 2183 3597 in
2232 3527 2572 3600 omnibus
2612 3534 2747 3601 im-

793 3641 1240 3737 primuntur:
1297 3643 1801 3739 interpresque
1844 3648 2105 3715 mentis
2132 3652 2157 3691 ³
2212 3649 2444 3718 oratio
2504 3648 2744 3736 verbis

795 3757 1151 3857 discrepat
1172 3765 1233 3848 ⁴,
1283 3764 1657 3833 sententiis
1690 3787 2114 3860 congruens.
2217 3769 2366 3838 Nec
2399 3782 2507 3839 est
2540 3773 2766 3865 quis-·

1322 3990 1403 3997 .—

856 4139 869 4172 ¹
900 4134 1160 4186 doctorum
1187 4135 1481 4188 hominum.
1557 4141 1578 4175 ²
1619 4136 1870 4207 [essent]
1947 4144 1966 4176 ²
2001 4153 2075 4191 est
2101 4117 2309 4195 menlis.
2387 4149 2402 4182 ἱ
2431 4147 2750 4215 discrepans.
