3131 5032
1070 433 1349 518 mall,
1406 435 1514 520 17,
2213 444 2339 508 539

399 659 581 721 poene.
679 641 830 701 Hinc
890 641 1092 702 locum
1143 642 1229 701 sic
1283 642 1561 703 constitui
1621 642 1753 703 vult
1797 674 1879 688 —-
1935 665 2111 723 quam
2159 667 2344 728 grave

398 745 750 807 hominibus.
835 744 1025 827 Quum
1050 744 1414 825 perditorum
1458 777 1540 789 —
1577 757 1838 806 servarat
1853 770 1872 825 ;
1915 750 2350 830 circumepicite

401 856 515 909 oet.
597 848 683 907 Ex
734 847 830 908 his
872 868 995 909 non
1038 847 1266 926 accipio
1313 847 1415 923 id,
1471 847 1640 928 quod
1691 848 1769 910 de
1802 860 1926 910 tum
1963 850 2196 911 dictum
2243 858 2350 914 est.

398 950 682 1012 Refertur
729 951 890 1010 enim
934 949 1246 1011 commode
1287 950 1363 1012 ad
1398 951 1504 1011 illa
1535 961 1804 1032 tempora
1819 999 1837 1028 ‚
1878 973 2036 1033 quae
2070 974 2145 1015 ex
2181 963 2356 1016 ante-

395 1055 570 1115 cedd.
617 1054 946 1115 necessario
990 1054 1111 1114 iam
1151 1054 1667 1133 intelligebantur.
1747 1057 1843 1117 Sic
1878 1058 2035 1118 Sext.
2073 1058 2191 1136 21,
2234 1058 2352 1137 47,

397 1158 569 1219 nulla
597 1157 1025 1237 significatione
1056 1160 1375 1239 praemissa
1386 1206 1406 1236 ,
1447 1160 1553 1221 An
1588 1160 1740 1219 milei
1779 1163 1905 1241 ipsi
1931 1193 2013 1208 -—
2030 1164 2171 1242 suit
2199 1182 2353 1223 more

398 1283 582 1342 aequo
630 1264 829 1323 anime
885 1264 1247 1344 oppetenda?
1330 1263 1534 1346 Quid?
1599 1276 1724 1324 tum
1778 1276 2089 1324 mortemne
2132 1267 2354 1348 fugie-

400 1366 575 1426 bam?
658 1365 820 1426 effic.
870 1366 1000 1443 111,
1054 1365 1173 1442 20,
1231 1364 1341 1443 81,
1397 1366 1580 1448 (quod
1624 1367 1747 1426 eibi
1794 1378 1919 1426 tum
1948 1366 2356 1451 proposuerat)

396 1477 790 1547 praecesserat
823 1488 964 1528 eane
998 1470 1262 1530 narratio
1276 1514 1295 1545 ,
1337 1467 1442 1529 sed
1477 1476 1682 1529 tamen
1726 1478 1857 1548 post
1893 1469 2139 1549 aliquod
2171 1471 2355 1531 inter·

398 1570 628 1631 vallum
662 1583 785 1631 tum
816 1570 1155 1632 subiicitur.
1235 1570 1387 1631 Hine
1412 1579 1562 1651 puto
1600 1571 1998 1632 Hotomanum
2033 1572 2189 1631 bene
2219 1591 2359 1633 cor-

398 1672 600 1751 rigere
634 1674 699 1733 in
728 1673 895 1735 Verr.
922 1674 990 1751 1,
1027 1673 1137 1750 59,
1179 1673 1326 1749 154,
1359 1695 1535 1754 quam
1571 1685 1696 1735 tum
1722 1672 1859 1754 (pro
1886 1672 1976 1754 eu)
2001 1676 2164 1734 viam
2197 1675 2357 1735 then·

397 1797 592 1837 earum
650 1809 730 1825 -
788 1780 1060 1860 exegisti.
1156 1776 1563 1857 Eamdemque
1628 1780 1924 1839 rationem
1988 1778 2356 1838 Graecorum

398 1880 713 1960 exemplis,
750 1901 864 1941 usu
898 1880 1036 1942 adv.
1068 1883 1201 1939 τότε
1217 1926 1236 1957 ,
1275 1880 1514 1941 firmare
1539 1880 1719 1942 facile
1756 1889 1905 1941 erat.
1985 1881 2102 1941 Sed
2134 1902 2214 1943 ne
2239 1881 2357 1943 hoo

397 1980 650 2061 quidem
704 1980 1140 2061 negligendum
1184 1988 1274 2041 est
1286 2027 1305 2058 ,
1362 1982 1529 2062 quod
1579 1981 1726 2042 alias
1774 1982 2094 2042 subiicitur
2140 2005 2322 2064 quum
2335 2029 2354 2060 ,

398 2104 563 2144 nune
597 2084 788 2145 inesse
822 2085 888 2144 in
915 2085 1097 2145 ablat.
1131 2085 1390 2146 discessu
1424 2106 1549 2145 meo
1569 2131 1587 2161 ,
1629 2085 1796 2165 quod
1830 2105 1940 2165 per
1970 2105 2032 2146 ee
2065 2086 2357 2149 definitio·

398 2207 542 2248 nem
592 2188 894 2266 continet,
951 2207 1153 2268 neque
1204 2188 1344 2249 ideo
1395 2189 1682 2250 abundat.
1761 2188 1992 2250 Deinde
2028 2189 2241 2251 dubito
2275 2209 2359 2251 an

402 2290 469 2348 in
518 2289 635 2349 hac
680 2299 1009 2367 structura,
1042 2311 1224 2372 quum
1253 2292 1609 2373 religionum
1651 2294 1791 2352 iura
1815 2294 2048 2372 polluta
2082 2305 2249 2370 eunt,
2290 2295 2359 2354 ln·

400 2401 539 2449 eunt
582 2412 775 2450 rerum
819 2395 1014 2452 esitus
1058 2395 1355 2452 consecuti
1371 2438 1389 2468 ,
1428 2393 1579 2452 ferri
1614 2396 1794 2472 possit
1842 2394 1996 2474 perf.
2030 2395 2357 2457 Indieativi

400 2501 532 2572 post
568 2514 766 2574 quum.
847 2494 1058 2573 Neque
1090 2494 1256 2554 enim
1280 2495 1384 2554 hic
1416 2495 1585 2556 locus
1617 2496 1749 2555 eius
1769 2505 1853 2557 est
1884 2499 2149 2576 generis,
2187 2498 2357 2579 quod

399 2596 760 2658 describitur
814 2618 849 2657 a
901 2597 1194 2676 Madvigio
1241 2597 1319 2658 ad
1369 2597 1498 2659 Fin.
1527 2598 1657 2676 111,
1704 2598 1812 2675 19,
1852 2600 1959 2661 63.
1999 2620 2060 2680 p.
2099 2600 2249 2677 459,
2290 2609 2352 2662 et

397 2698 476 2761 ad
508 2700 585 2777 V,
631 2700 740 2777 15,
782 2700 895 2776 41,
934 2720 994 2780 p.
1029 2700 1184 2762 690:
1226 2702 1645 2780 requireretur
1677 2701 1845 2762 enim
1883 2705 1951 2763 1ιί
1982 2705 2178 2765 esitus
2213 2725 2361 2766 con-

399 2817 752 2883 sequuntur,
781 2805 953 2884 quasi
985 2812 1422 2865 memoraretur
1444 2805 1512 2865 id
1543 2805 1710 2885 quod
1739 2806 1952 2882 simul,
1993 2815 2099 2868 aut
2122 2809 2356 2886 statim,

398 2906 630 2968 sactum
690 2915 859 2968 esset.
967 2907 1053 2969 De
1111 2909 1545 2990 circumspicite
1602 2907 1906 2970 difficilius
1959 2918 2050 2971 est
2101 2930 2356 2990 negare,

396 3010 606 3090 paullo
658 3011 970 3090 abruptius
1019 3010 1105 3070 sic
1145 3010 1418 3072 inchoari
1456 3032 1672 3074 novam
1710 3012 2098 3074 sententiam:
2136 3012 2245 3074 sed
2279 3032 2358 3074 ex

397 3114 833 3194 plerorumque
868 3112 1051 3175 Codd.
1093 3123 1377 3195 corrupta
1411 3115 1673 3176 lectione
1699 3115 2089 3198 becceleriter,
2118 3125 2194 3178 et
2214 3117 2356 3178 -Ιιοο-

394 3218 693 3294 celeriter,
751 3216 945 3278 efficio
990 3219 1425 3299 circunupioiae
1465 3239 1628 3279 nunc
1660 3218 1943 3280 celeriter.
2002 3219 2110 3278 Ne
2156 3222 2359 3280 omnia

394 3321 645 3403 quidem
680 3321 1010 3383 concedam
1038 3321 1399 3382 mutandum
1427 3342 1552 3383 esse
1579 3323 1646 3382 in
1676 3321 2052 3383 hominibus.-
2088 3343 2231 3385 nam
2258 3322 2357 3385 vel

397 3432 569 3485 extra
598 3420 1124 3503 exaggerationem
1156 3423 1389 3503 requiri
1420 3431 1605 3503 puto,
1639 3431 1703 3484 et
1735 3423 2093 3504 languidum
2125 3425 2194 3485 in
2225 3425 2359 3506 pri-

396 3526 511 3584 mis
540 3525 669 3586 fore
695 3526 811 3587 boc
826 3573 844 3603 ,
874 3526 1231 3610 religionum
1254 3529 1393 3587 iura
1415 3528 1651 3608 polluta
1677 3539 1834 3588 eunt.
1915 3528 2011 3589 Sic
2042 3528 2120 3590 ad
2133 3529 2268 3593 niv.
2287 3529 2355 3606 V,

401 3624 514 3700 13,
554 3625 630 3701 3,
672 3627 734 3685 in
770 3647 838 3688 re
885 3628 1108 3704 simili,
1159 3630 1547 3710 circumspice
1597 3632 1798 3692 omnia
1841 3633 2094 3693 membru
2127 3635 2357 3715 reipu-

395 3728 607 3789 blicae.
686 3728 914 3805 Restat,
953 3739 1027 3789 nt
1055 3730 1132 3791 de
1157 3732 1412 3793 lacunae
1441 3733 1611 3812 signo
1638 3733 1934 3811 dicamus,
1975 3735 2143 3815 quod
2175 3736 2357 3797 multi

395 3839 531 3913 poet
578 3852 759 3913 grace
807 3842 1135 3911 posuerunt
1154 3880 1172 3910 ,
1213 3844 1273 3895 et
1313 3837 1441 3915 ipse
1482 3835 1810 3916 Madvigius
1839 3838 2149 3899 iudicabat
2173 3859 2359 3921 grave

397 3935 476 3996 ad
504 3935 647 3995 deos
675 3953 798 3993 non
831 3942 996 3994 recte
1030 3935 1279 4014 referri,
1314 3940 1424 4018 qui
1450 3959 1629 4020 snpra
1660 3942 2106 4002 contentionem
2144 3949 2354 4002 essent.

394 4037 511 4100 Sed
568 4055 769 4116 neque
818 4036 937 4098 hoc
991 4057 1140 4118 opus
1189 4047 1276 4099 est
1292 4086 1311 4115 ,
1372 4048 1433 4101 et
1479 4060 1559 4101 ne
1605 4041 1802 4121 ipsum
1834 4052 2073 4121 gratum
2103 4040 2355 4120 quidem

397 4143 556 4222 regit
609 4140 882 4202 dativum
931 4141 1054 4200 diis
1097 4143 1555 4218 immortalibus,
1606 4145 1715 4222 qui
1760 4164 1796 4204 a
1836 4144 2071 4205 videtur
2100 4144 2351 4223 pendet:
