3131 5032
1087 460 1230 526 Lm.
1278 461 1343 544 1,
1397 463 1511 544 ιι,
1559 462 1664 529 32.
2224 467 2353 532 367

389 671 672 733 audacias
705 669 774 730 in
804 667 1029 728 Catone
1062 665 1490 728 animadvertit
1520 667 1721 727 Festus
1755 688 1812 747 p.
1849 665 1961 729 422
2004 671 2358 749 frequenta-

389 783 535 836 runt
568 773 713 834 dein
748 771 953 832 Livius
986 770 1234 850 aliique.

468 899 579 939 nec
613 879 671 937 si
703 877 1014 957 opiniones
1053 907 1130 919 —
1168 871 1614 956 conflictantur)
1695 874 1905 936 Forma
1950 876 2363 937 concludendi

392 981 604 1043 eadem
653 999 767 1059 pro
817 979 1018 1040 Milon.
1055 979 1132 1056 2,
1173 978 1248 1054 6,
1289 979 1397 1038 ubi
1442 978 1567 1038 vid.
1619 979 1999 1041 Garatonius:
2058 983 2226 1043 Tnsc.
2264 983 2361 1056 11,

393 1083 434 1144 3
451 1131 470 1160 ‚
510 1083 586 1143 8:
629 1085 758 1143 sine
789 1084 1016 1144 idcirco
1049 1081 1297 1161 ponitur
1330 1081 1532 1141 Divin.
1571 1082 1632 1157 1,
1675 1080 1773 1142 38.
1808 1082 1912 1145 fin.
1996 1085 2071 1145 In
2105 1085 2265 1146 Orat.
2301 1087 2362 1158 1,

397 1187 511 1262 66,
553 1185 675 1248 237
708 1206 832 1246 non
865 1185 1166 1246 intellexit
1197 1204 1398 1264 neque
1431 1185 1712 1246 Ernestus
1728 1231 1746 1260 ,
1789 1205 1991 1266 neque
2017 1188 2331 1250 Schutzius
2348 1236 2366 1265 ,

395 1292 507 1370 qui
541 1309 857 1370 perperam
890 1289 1256 1368 corrigebat:
1299 1286 1695 1369 (probabilior
1721 1288 1963 1350 sortasse
2012 1293 2129 1351 erit
2167 1292 2366 1353 conie-

395 1402 567 1455 ctura
587 1440 605 1470 ,
646 1401 716 1454 ut
745 1395 810 1453 in
842 1393 915 1452 iis
936 1412 1096 1472 quae
1122 1391 1490 1452 anteoedunt
1508 1438 1526 1468 ,
1564 1395 1673 1472 qui
1688 1415 1885 1470 -a—ea,
1928 1416 2079 1474 quas
2105 1397 2370 1457 maxima

399 1508 590 1557 essene
639 1499 710 1555 in
756 1499 887 1557 iure
940 1497 1118 1557 civili
1133 1541 1151 1570 ‚
1195 1507 1444 1556 tractare
1484 1496 1763 1556 auderent
1796 1499 1868 1556 in
1912 1501 2146 1573 causis,
2188 1521 2369 1579 quum

402 1622 474 1660 ea
523 1601 816 1661 nescirent
869 1619 1299 1679 numquamque
1359 1600 1709 1659 didicissent
1725 1645 1742 1673 ‚
1799 1621 1911 1679 pro
1962 1623 2033 1661 ea
2080 1606 2373 1663 nescirent

404 1705 643 1781 legatur
677 1704 926 1763 minima
959 1699 1308 1781 anciran)
1341 1709 1473 1763 tum
1504 1702 1656 1762 ibid.
1674 1702 1736 1763 ΙΙ
1754 1748 1772 1778 ,
1807 1703 1914 1780 40,
1954 1705 2090 1765 170.
2121 1706 2248 1768 Fin.
2270 1705 2370 1782 IV,

403 1810 476 1883 5,
526 1806 622 1867 13.
662 1805 729 1882 V,
779 1805 884 1882 11,
924 1805 1024 1866 31.
1071 1805 1171 1882 17,
1214 1805 1313 1867 46.
1384 1806 1458 1866 ln
1490 1807 1768 1867 omnibus
1802 1808 1898 1867 his
1931 1810 2158 1871 idcirco
2202 1830 2372 1888 prae·

402 1911 669 1970 mittitur
684 1909 989 1971 clausulae
999 1956 1016 1986 ,
1034 1929 1194 1989 quae
1209 1909 1612 1970 conclusionis
1629 1911 1724 1971 loc
1731 1931 1833 1970 nm
1860 1919 2043 1974 tenet.
2069 1914 2143 1972 Et
2158 1914 2372 1975 eodem

402 2012 583 2075 modo
602 2014 815 2074 Graeci
836 2013 1137 2074 collocant
1156 2017 1257 2072 διὰ
1289 2023 1488 2080 τοῦτο,
1525 2012 1997 2076 sicutDemosth.
2016 2015 2374 2079 Androtion.

405 2137 466 2196 p.
504 2115 642 2178 695.
678 2115 736 2177 8.
778 2115 849 2176 R.
933 2116 1050 2176 Sed
1100 2136 1174 2176 ex
1221 2115 1428 2177 moseri
1475 2118 1861 2178 annotatione
1888 2119 1967 2178 ad
1999 2128 2373 2198 praesentem

401 2217 636 2295 locum,
670 2218 1037 2297 intelligitur
1065 2219 1211 2278 viris
1236 2218 1428 2280 doctis
1452 2205 1883 2298 corrigendum
1909 2221 2132 2295 videri,
2159 2225 2267 2301 qui
2295 2256 2376 2267 -—

404 2342 526 2381 non
577 2332 645 2381 ut
696 2322 830 2380 deos
881 2322 1115 2398 colunt,
1176 2330 1247 2380 ut
1290 2322 1631 2398 diceretur,
1671 2324 1779 2400 qui
1816 2321 1921 2383 illa
1957 2325 2378 2403 superstitione

407 2444 533 2485 non
561 2431 812 2484 utantur
831 2470 849 2500 ,
889 2431 1093 2484 tamen
1129 2444 1252 2483 non
1291 2425 1457 2483 omni
1495 2426 1915 2504 superstitione
1952 2447 2177 2488 carere.
2260 2428 2377 2488 Sed

408 2527 741 2589 tenendum
779 2536 866 2588 est
898 2541 1116 2589 ceteras
1145 2541 1351 2611 gentes
1388 2530 1611 2608 opponi
1647 2529 1989 2610 Aegyptiis,
2034 2534 2142 2609 qui
2175 2553 2381 2592 canem

406 2645 464 2693 st
479 2632 546 2713 f.
578 2643 646 2692 ut
678 2630 734 2692 d.
774 2631 974 2691 colunt
1054 2631 1176 2691 Nec
1231 2652 1382 2710 opus
1438 2640 1559 2707 est,
1624 2640 1726 2706 ut,
1784 2641 1965 2711 prout
2015 2635 2379 2695 Goerenzius

406 2736 580 2831 facit,
619 2755 741 2794 non
766 2735 967 2795 sudem
989 2737 1402 2816 superstitious
1418 2782 1437 2810 ,
1464 2734 1806 2813 explicetur
1833 2740 2081 2814 maiori,
2109 2741 2382 2820 graviori

409 2843 854 2920 superstitione.-
913 2858 1056 2897 nam
1102 2838 1259 2897 nihil
1305 2838 1455 2897 dicit
1512 2839 1624 2897 nisi
1681 2839 1832 2914 hoc,
1894 2865 1924 2897 ι»
1947 2841 2177 2899 etiamsi
2223 2842 2379 2902 aliae

410 2942 623 3022 »apud
657 2943 802 3003 alios
835 2941 1146 3020 opiniones
1178 2941 1257 3000 de
1291 2940 1407 3000 diis
1442 2949 1583 3000 sunt
1599 2986 1617 3016 ,
1659 2950 1862 3002 tamen
1902 2963 2022 3002 una
2054 2951 2143 3003 est
2176 2963 2379 3021 super·

413 3071 444 3107 ι»
463 3046 625 3106 stitio
671 3053 734 3106 et
783 3045 1216 3125 Aegyptiorum
1269 3052 1331 3105 et
1384 3044 1758 3122 reliquarum
1812 3046 2086 3123 gentium
2103 3071 2120 3121 3
2176 3066 2381 3106 omnes

409 3175 443 3208 υ
462 3148 608 3209 illae
674 3149 985 3229 opiniones
1046 3148 1260 3208 eodem
1331 3147 1768 3227 superstitionis
1828 3149 1976 3208 vitio
2044 3149 2379 3210 laborant.’'

410 3251 578 3314 Conf.
627 3252 828 3313 Divin.
883 3251 981 3327 II,
1033 3250 1152 3327 72,
1216 3249 1331 3310 148
1386 3257 1445 3310 et
1498 3251 1769 3329 Xenoph.
1824 3251 1895 3312 M.
1936 3252 1991 3313 S.
2047 3253 2111 3326 1,
2169 3254 2235 3327 1,
2286 3254 2377 3314 13.

410 3353 583 3431 Quod
642 3355 870 3415 dicitur
927 3355 1340 3434 superstitione
1403 3356 1741 3435 conflictari
1758 3398 1777 3427 ,
1831 3355 1999 3415 hunc
2063 3375 2380 3434 perperam

409 3458 690 3520 Ernestus
723 3458 1034 3518 duriorem
1070 3457 1321 3517 modum
1355 3456 1647 3536 loquendi
1683 3458 1978 3537 appellat,
2019 3458 2094 3518 ad
2122 3454 2268 3537 Epp.
2304 3458 2382 3519 ad

414 3556 548 3621 mv.
584 3560 693 3637 vl,
740 3560 836 3621 13.

498 3684 647 3743 quas
681 3677 878 3726 nucem
908 3666 1077 3724 notio
1112 3661 1218 3743 -)
1295 3663 1516 3723 Eadem
1548 3664 1990 3742 argumentatio
2025 3671 2110 3724 est
2148 3664 2275 3725 Fin.
2311 3664 2379 3726 V.

416 3765 533 3842 22,
574 3765 673 3828 62.
706 3784 791 3847 sq.
825 3799 904 3813 —
986 3766 1118 3827 1101
1151 3786 1277 3826 non
1323 3767 1768 3827 accuratissime
1803 3768 1996 3828 tribus
2029 3768 2149 3828 illis
2184 3770 2382 3829 virtu-

416 3871 581 3932 tibus
641 3878 1029 3951 opponuntur
1090 3879 1350 3950 quatuor
1415 3891 1635 3948 genera
1698 3871 1985 3931 vitiorum
2049 3870 2345 3953 (superbos
2365 3919 2382 3947 ,

416 3974 738 4054 maleficos,
767 3975 1052 4049 crudeles,
1086 3977 1350 4056 ingratos
1361 3972 1406 4052 .·)
1434 3973 1533 4032 sed
1562 3972 1957 4051 maleficorum
1988 3974 2217 4032 mentio
2243 3991 2381 4032 con-

415 4078 617 4139 firmat
651 4096 786 4138 eam
817 4076 1142 4138 lectionem
1165 4123 1180 4149 ‚
1221 4096 1408 4155 quam
1442 4075 1687 4136 Beier-ns
1719 4076 1970 4136 adscivit
2004 4075 2069 4132 in
2100 4073 2263 4135 Offic.
2292 4076 2379 4139 ll.

417 4182 495 4242 10
514 4229 531 4258 ‚
572 4178 672 4242 36.
717 4180 874 4241 med.
