<?xml version="1.0" encoding="UTF-8"?>
<!DOCTYPE html PUBLIC "-//W3C//DTD XHTML 1.0 Transitional//EN"
    "http://www.w3.org/TR/xhtml1/DTD/xhtml1-transitional.dtd">
<html xmlns="http://www.w3.org/1999/xhtml" xml:lang="en" lang="en">
 <head>
  <title>
</title>
<meta http-equiv="Content-Type" content="text/html;charset=utf-8" />
  <meta name='ocr-system' content='tesseract 3.04.00' />
  <meta name='ocr-capabilities' content='ocr_page ocr_carea ocr_par ocr_line ocrx_word'/>
</head>
<body>
  <div class='ocr_page' id='page_1' title='image "./mtulliiciceroni02bakegoog_0376.png"; bbox 0 0 3131 5032; ppageno 0'>
   <div class='ocr_carea' id='block_1_1' title="bbox 1211 457 2448 561">
    <p class='ocr_par' dir='ltr' id='par_1_1' title="bbox 1211 457 2448 561">
     <span class='ocr_line' id='line_1_1' title="bbox 1211 457 2448 561; baseline 0.006 -38"><span class='ocrx_word' id='word_1_1' title='bbox 1211 457 1353 524; x_wconf 75' lang='lat' dir='ltr'><strong>Lm.</strong></span> <span class='ocrx_word' id='word_1_2' title='bbox 1399 458 1464 543; x_wconf 89' lang='lat'><strong>1,</strong></span> <span class='ocrx_word' id='word_1_3' title='bbox 1516 462 1589 543; x_wconf 76' lang='lat'><strong>4,</strong></span> <span class='ocrx_word' id='word_1_4' title='bbox 1650 459 1746 528; x_wconf 74' lang='lat'><strong>14.</strong></span> <span class='ocrx_word' id='word_1_5' title='bbox 2321 466 2448 561; x_wconf 64' lang='lat'><strong>309</strong></span> 
     </span>
    </p>
   </div>
   <div class='ocr_carea' id='block_1_2' title="bbox 415 664 2450 4246">
    <p class='ocr_par' dir='ltr' id='par_1_2' title="bbox 415 664 2450 4246">
     <span class='ocr_line' id='line_1_2' title="bbox 490 664 2445 745; baseline 0.001 -20"><span class='ocrx_word' id='word_1_6' title='bbox 490 666 605 726; x_wconf 84' lang='lat' dir='ltr'><strong>nisi</strong></span> <span class='ocrx_word' id='word_1_7' title='bbox 633 664 911 725; x_wconf 88' lang='lat' dir='ltr'><strong>umbram</strong></span> <span class='ocrx_word' id='word_1_8' title='bbox 940 668 1003 723; x_wconf 81' lang='lat' dir='ltr'><strong>et</strong></span> <span class='ocrx_word' id='word_1_9' title='bbox 1031 664 1322 743; x_wconf 73' lang='lat' dir='ltr'>imagines</span> <span class='ocrx_word' id='word_1_10' title='bbox 1337 685 1463 726; x_wconf 87' lang='lat' dir='ltr'><strong>esse</strong></span> <span class='ocrx_word' id='word_1_11' title='bbox 1477 664 1630 726; x_wconf 89' lang='lat' dir='ltr'><strong>dicit</strong></span> <span class='ocrx_word' id='word_1_12' title='bbox 1644 665 1712 725; x_wconf 89' lang='lat' dir='ltr'><strong>in</strong></span> <span class='ocrx_word' id='word_1_13' title='bbox 1729 665 1966 744; x_wconf 86' lang='lat' dir='ltr'><strong>scriptis</strong></span> <span class='ocrx_word' id='word_1_14' title='bbox 1975 665 2212 744; x_wconf 88' lang='lat' dir='ltr'><strong>legibus</strong></span> <span class='ocrx_word' id='word_1_15' title='bbox 2223 666 2445 745; x_wconf 84' lang='lat' dir='ltr'><strong>quibus</strong></span> 
     </span>
     <span class='ocr_line' id='line_1_3' title="bbox 489 766 2445 847; baseline -0.001 -17"><span class='ocrx_word' id='word_1_16' title='bbox 489 776 808 830; x_wconf 83' lang='lat' dir='ltr'><strong>uterentur</strong></span> <span class='ocrx_word' id='word_1_17' title='bbox 851 766 1127 827; x_wconf 87' lang='lat' dir='ltr'><strong>homines</strong></span> <span class='ocrx_word' id='word_1_18' title='bbox 1144 813 1163 842; x_wconf 92' lang='lat'><em>,</em></span> <span class='ocrx_word' id='word_1_19' title='bbox 1216 787 1435 847; x_wconf 87' lang='lat' dir='ltr'><strong>easque</strong></span> <span class='ocrx_word' id='word_1_20' title='bbox 1488 768 1779 847; x_wconf 77' lang='lat' dir='ltr'><strong>imagines</strong></span> <span class='ocrx_word' id='word_1_21' title='bbox 1811 788 1888 828; x_wconf 81' lang='lat' dir='ltr'><strong>ex</strong></span> <span class='ocrx_word' id='word_1_22' title='bbox 1919 768 2161 847; x_wconf 88' lang='lat' dir='ltr'><strong>optimis</strong></span> <span class='ocrx_word' id='word_1_23' title='bbox 2192 776 2445 829; x_wconf 84' lang='lat' dir='ltr'><strong>naturae</strong></span> 
     </span>
     <span class='ocr_line' id='line_1_4' title="bbox 488 868 2444 948; baseline -0.002 -16"><span class='ocrx_word' id='word_1_24' title='bbox 488 879 552 932; x_wconf 84' lang='lat' dir='ltr'><strong>et</strong></span> <span class='ocrx_word' id='word_1_25' title='bbox 582 870 851 932; x_wconf 82' lang='lat' dir='ltr'><strong>veritatis</strong></span> <span class='ocrx_word' id='word_1_26' title='bbox 883 869 1176 948; x_wconf 84' lang='lat' dir='ltr'><strong>exemplis</strong></span> <span class='ocrx_word' id='word_1_27' title='bbox 1204 868 1375 930; x_wconf 76' lang='lat' dir='ltr'><strong>ferri.</strong></span> <span class='ocrx_word' id='word_1_28' title='bbox 1453 870 1592 930; x_wconf 81' lang='lat' dir='ltr'><strong>Tota</strong></span> <span class='ocrx_word' id='word_1_29' title='bbox 1631 870 1738 929; x_wconf 86' lang='lat' dir='ltr'><strong>illa</strong></span> <span class='ocrx_word' id='word_1_30' title='bbox 1773 868 2098 947; x_wconf 84' lang='lat' dir='ltr'><strong>disputatio</strong></span> <span class='ocrx_word' id='word_1_31' title='bbox 2131 870 2198 928; x_wconf 91' lang='lat' dir='ltr'><strong>in</strong></span> <span class='ocrx_word' id='word_1_32' title='bbox 2234 868 2444 948; x_wconf 85' lang='lat' dir='ltr'><strong>primis</strong></span> 
     </span>
     <span class='ocr_line' id='line_1_5' title="bbox 485 971 2442 1053; baseline 0.001 -18"><span class='ocrx_word' id='word_1_33' title='bbox 485 993 629 1035; x_wconf 87' lang='lat' dir='ltr'><strong>cum</strong></span> <span class='ocrx_word' id='word_1_34' title='bbox 655 980 1011 1053; x_wconf 86' lang='lat' dir='ltr'><strong>argumento</strong></span> <span class='ocrx_word' id='word_1_35' title='bbox 1037 973 1221 1033; x_wconf 89' lang='lat' dir='ltr'><strong>huius</strong></span> <span class='ocrx_word' id='word_1_36' title='bbox 1246 971 1294 1031; x_wconf 81' lang='lat' dir='ltr'><strong>1i</strong></span> <span class='ocrx_word' id='word_1_37' title='bbox 1325 973 1469 1032; x_wconf 88' lang='lat' dir='ltr'>libri</span> <span class='ocrx_word' id='word_1_38' title='bbox 1499 974 1577 1034; x_wconf 86' lang='lat' dir='ltr'><strong>de</strong></span> <span class='ocrx_word' id='word_1_39' title='bbox 1608 973 1864 1052; x_wconf 76' lang='lat' dir='ltr'><strong>Legibus</strong></span> <span class='ocrx_word' id='word_1_40' title='bbox 1889 975 2193 1036; x_wconf 83' lang='lat' dir='ltr'><strong>convenit,</strong></span> <span class='ocrx_word' id='word_1_41' title='bbox 2245 974 2442 1052; x_wconf 82' lang='lat' dir='ltr'>Igitur</span> 
     </span>
     <span class='ocr_line' id='line_1_6' title="bbox 487 1075 2436 1159; baseline -0.002 -22"><span class='ocrx_word' id='word_1_42' title='bbox 487 1080 699 1159; x_wconf 75' lang='lat' dir='ltr'><strong>optime</strong></span> <span class='ocrx_word' id='word_1_43' title='bbox 747 1079 1127 1138; x_wconf 65' lang='lat' dir='ltr'><strong>constitutum</strong></span> <span class='ocrx_word' id='word_1_44' title='bbox 1170 1078 1270 1136; x_wconf 72' lang='lat' dir='ltr'><strong>ius</strong></span> <span class='ocrx_word' id='word_1_45' title='bbox 1310 1078 1490 1137; x_wconf 79' lang='lat' dir='ltr'><strong>civile</strong></span> <span class='ocrx_word' id='word_1_46' title='bbox 1522 1078 1788 1156; x_wconf 83' lang='lat' dir='ltr'><strong>appellat</strong></span> <span class='ocrx_word' id='word_1_47' title='bbox 1819 1075 1982 1138; x_wconf 84' lang='lat' dir='ltr'><strong>offic.</strong></span> <span class='ocrx_word' id='word_1_48' title='bbox 2019 1077 2118 1153; x_wconf 91' lang='lat'><strong>11,</strong></span> <span class='ocrx_word' id='word_1_49' title='bbox 2166 1076 2279 1153; x_wconf 85' lang='lat'><strong>19,</strong></span> <span class='ocrx_word' id='word_1_50' title='bbox 2319 1078 2436 1139; x_wconf 82' lang='lat'><strong>65:</strong></span> 
     </span>
     <span class='ocr_line' id='line_1_7' title="bbox 487 1179 2440 1260; baseline -0.001 -18"><span class='ocrx_word' id='word_1_51' title='bbox 487 1180 594 1242; x_wconf 91' lang='lat' dir='ltr'><strong>cui</strong></span> <span class='ocrx_word' id='word_1_52' title='bbox 643 1200 847 1240; x_wconf 84' lang='lat' dir='ltr'><strong>rursus</strong></span> <span class='ocrx_word' id='word_1_53' title='bbox 895 1179 1014 1240; x_wconf 87' lang='lat' dir='ltr'><strong>alio</strong></span> <span class='ocrx_word' id='word_1_54' title='bbox 1060 1180 1241 1240; x_wconf 92' lang='lat' dir='ltr'><strong>modo</strong></span> <span class='ocrx_word' id='word_1_55' title='bbox 1280 1179 1606 1260; x_wconf 87' lang='lat' dir='ltr'><strong>opponitur</strong></span> <span class='ocrx_word' id='word_1_56' title='bbox 1642 1182 1739 1241; x_wconf 67' lang='lat' dir='ltr'><strong>ius</strong></span> <span class='ocrx_word' id='word_1_57' title='bbox 1760 1181 2072 1260; x_wconf 74' lang='lat' dir='ltr'><strong>publicum</strong></span> <span class='ocrx_word' id='word_1_58' title='bbox 2088 1224 2107 1255; x_wconf 90' lang='lat'><em>‚</em></span> <span class='ocrx_word' id='word_1_59' title='bbox 2148 1200 2272 1260; x_wconf 89' lang='lat' dir='ltr'><strong>quo</strong></span> <span class='ocrx_word' id='word_1_60' title='bbox 2301 1199 2440 1241; x_wconf 85' lang='lat' dir='ltr'><strong>con-</strong></span> 
     </span>
     <span class='ocr_line' id='line_1_8' title="bbox 480 1282 2438 1363; baseline 0 -19"><span class='ocrx_word' id='word_1_61' title='bbox 480 1283 840 1345; x_wconf 85' lang='lat' dir='ltr'><strong>stituebatur</strong></span> <span class='ocrx_word' id='word_1_62' title='bbox 892 1302 1076 1362; x_wconf 87' lang='lat' dir='ltr'><strong>penes</strong></span> <span class='ocrx_word' id='word_1_63' title='bbox 1124 1301 1308 1362; x_wconf 85' lang='lat' dir='ltr'><strong>quem</strong></span> <span class='ocrx_word' id='word_1_64' title='bbox 1357 1291 1464 1343; x_wconf 90' lang='lat' dir='ltr'><strong>aut</strong></span> <span class='ocrx_word' id='word_1_65' title='bbox 1502 1303 1652 1363; x_wconf 88' lang='lat' dir='ltr'><strong>quos</strong></span> <span class='ocrx_word' id='word_1_66' title='bbox 1685 1291 1835 1343; x_wconf 81' lang='lat' dir='ltr'><strong>esset</strong></span> <span class='ocrx_word' id='word_1_67' title='bbox 1868 1303 2103 1343; x_wconf 89' lang='lat' dir='ltr'><strong>summa</strong></span> <span class='ocrx_word' id='word_1_68' title='bbox 2136 1282 2203 1344; x_wconf 88' lang='lat' dir='ltr'><strong>in</strong></span> <span class='ocrx_word' id='word_1_69' title='bbox 2230 1302 2299 1344; x_wconf 83' lang='lat' dir='ltr'><strong>re</strong></span> <span class='ocrx_word' id='word_1_70' title='bbox 2329 1304 2438 1363; x_wconf 89' lang='lat' dir='ltr'><strong>pu-</strong></span> 
     </span>
     <span class='ocr_line' id='line_1_9' title="bbox 482 1384 2437 1466; baseline -0.001 -18"><span class='ocrx_word' id='word_1_71' title='bbox 482 1388 644 1450; x_wconf 85' lang='lat' dir='ltr'><strong>blica</strong></span> <span class='ocrx_word' id='word_1_72' title='bbox 676 1393 956 1466; x_wconf 82' lang='lat' dir='ltr'><strong>potestas,</strong></span> <span class='ocrx_word' id='word_1_73' title='bbox 996 1393 1058 1445; x_wconf 86' lang='lat' dir='ltr'><strong>et</strong></span> <span class='ocrx_word' id='word_1_74' title='bbox 1091 1405 1216 1465; x_wconf 87' lang='lat' dir='ltr'><strong>quo</strong></span> <span class='ocrx_word' id='word_1_75' title='bbox 1240 1384 1424 1445; x_wconf 91' lang='lat' dir='ltr'><strong>modo</strong></span> <span class='ocrx_word' id='word_1_76' title='bbox 1453 1385 1753 1465; x_wconf 80' lang='lat' dir='ltr'><strong>descripta</strong></span> <span class='ocrx_word' id='word_1_77' title='bbox 1771 1432 1788 1462; x_wconf 90' lang='lat'><em>,</em></span> <span class='ocrx_word' id='word_1_78' title='bbox 1831 1394 1893 1446; x_wconf 87' lang='lat' dir='ltr'><strong>et</strong></span> <span class='ocrx_word' id='word_1_79' title='bbox 1925 1385 2004 1447; x_wconf 88' lang='lat' dir='ltr'><strong>dc</strong></span> <span class='ocrx_word' id='word_1_80' title='bbox 2035 1405 2162 1466; x_wconf 88' lang='lat' dir='ltr'><strong>quo</strong></span> <span class='ocrx_word' id='word_1_81' title='bbox 2193 1394 2437 1448; x_wconf 88' lang='lat' dir='ltr'><strong>conten·</strong></span> 
     </span>
     <span class='ocr_line' id='line_1_10' title="bbox 483 1487 2440 1568; baseline -0.001 -19"><span class='ocrx_word' id='word_1_82' title='bbox 483 1490 572 1550; x_wconf 88' lang='lat' dir='ltr'><strong>tio</strong></span> <span class='ocrx_word' id='word_1_83' title='bbox 604 1489 724 1550; x_wconf 79' lang='lat' dir='ltr'><strong>fuit</strong></span> <span class='ocrx_word' id='word_1_84' title='bbox 757 1488 918 1548; x_wconf 91' lang='lat' dir='ltr'><strong>inter</strong></span> <span class='ocrx_word' id='word_1_85' title='bbox 951 1488 1259 1548; x_wconf 83' lang='lat' dir='ltr'><strong>Caesarem</strong></span> <span class='ocrx_word' id='word_1_86' title='bbox 1295 1496 1359 1548; x_wconf 90' lang='lat' dir='ltr'><strong>et</strong></span> <span class='ocrx_word' id='word_1_87' title='bbox 1392 1487 1782 1568; x_wconf 87' lang='lat' dir='ltr'><strong>Pompeium:</strong></span> <span class='ocrx_word' id='word_1_88' title='bbox 1833 1488 1995 1549; x_wconf 81' lang='lat' dir='ltr'><strong>conf.</strong></span> <span class='ocrx_word' id='word_1_89' title='bbox 2038 1487 2119 1551; x_wconf 87' lang='lat' dir='ltr'><strong>ad</strong></span> <span class='ocrx_word' id='word_1_90' title='bbox 2157 1487 2289 1549; x_wconf 77' lang='lat' dir='ltr'><strong>niv.</strong></span> <span class='ocrx_word' id='word_1_91' title='bbox 2323 1487 2440 1565; x_wconf 84' lang='lat' dir='ltr'><strong>IV,</strong></span> 
     </span>
     <span class='ocr_line' id='line_1_11' title="bbox 486 1587 2442 1668; baseline -0.001 -15"><span class='ocrx_word' id='word_1_92' title='bbox 486 1591 566 1668; x_wconf 81' lang='lat'><strong>4,</strong></span> <span class='ocrx_word' id='word_1_93' title='bbox 605 1590 664 1655; x_wconf 77' lang='lat'><strong>3.</strong></span> <span class='ocrx_word' id='word_1_94' title='bbox 716 1590 826 1667; x_wconf 83' lang='lat'><strong>14,</strong></span> <span class='ocrx_word' id='word_1_95' title='bbox 879 1589 940 1651; x_wconf 88' lang='grc'><strong>2.</strong></span> <span class='ocrx_word' id='word_1_96' title='bbox 977 1587 1095 1665; x_wconf 85' lang='lat' dir='ltr'><strong>vl,</strong></span> <span class='ocrx_word' id='word_1_97' title='bbox 1139 1590 1225 1665; x_wconf 73' lang='lat'><strong>²1,</strong></span> <span class='ocrx_word' id='word_1_98' title='bbox 1269 1590 1327 1651; x_wconf 80' lang='lat'><strong>5.</strong></span> <span class='ocrx_word' id='word_1_99' title='bbox 1410 1591 1612 1665; x_wconf 87' lang='lat' dir='ltr'><strong>Quum</strong></span> <span class='ocrx_word' id='word_1_100' title='bbox 1666 1597 1869 1651; x_wconf 91' lang='lat' dir='ltr'><strong>autem</strong></span> <span class='ocrx_word' id='word_1_101' title='bbox 1912 1590 2066 1651; x_wconf 91' lang='lat' dir='ltr'><strong>dicit</strong></span> <span class='ocrx_word' id='word_1_102' title='bbox 2096 1591 2207 1654; x_wconf 73' lang='lat' dir='ltr'><strong>hoc</strong></span> <span class='ocrx_word' id='word_1_103' title='bbox 2236 1592 2442 1667; x_wconf 69' lang='lat' dir='ltr'><strong>civile,</strong></span> 
     </span>
     <span class='ocr_line' id='line_1_12' title="bbox 484 1691 2439 1776; baseline 0.001 -22"><span class='ocrx_word' id='word_1_104' title='bbox 484 1695 641 1776; x_wconf 68' lang='lat' dir='ltr'><strong>quod</strong></span> <span class='ocrx_word' id='word_1_105' title='bbox 683 1704 896 1755; x_wconf 70' lang='lat' dir='ltr'><strong>vocant</strong></span> <span class='ocrx_word' id='word_1_106' title='bbox 910 1737 931 1771; x_wconf 87' lang='lat'><em>,</em></span> <span class='ocrx_word' id='word_1_107' title='bbox 971 1691 1243 1754; x_wconf 87' lang='lat' dir='ltr'><strong>indicare</strong></span> <span class='ocrx_word' id='word_1_108' title='bbox 1276 1692 1519 1754; x_wconf 80' lang='lat' dir='ltr'><strong>videtur</strong></span> <span class='ocrx_word' id='word_1_109' title='bbox 1551 1693 1747 1755; x_wconf 81' lang='lat' dir='ltr'><strong>abusu</strong></span> <span class='ocrx_word' id='word_1_110' title='bbox 1779 1693 2070 1755; x_wconf 86' lang='lat' dir='ltr'><strong>sermonis</strong></span> <span class='ocrx_word' id='word_1_111' title='bbox 2101 1695 2281 1755; x_wconf 75' lang='lat' dir='ltr'><strong>civile</strong></span> <span class='ocrx_word' id='word_1_112' title='bbox 2313 1693 2439 1770; x_wconf 84' lang='lat' dir='ltr'><strong>ins,</strong></span> 
     </span>
     <span class='ocr_line' id='line_1_13' title="bbox 482 1793 2441 1877; baseline -0.001 -19"><span class='ocrx_word' id='word_1_113' title='bbox 482 1796 648 1877; x_wconf 86' lang='lat' dir='ltr'><strong>quod</strong></span> <span class='ocrx_word' id='word_1_114' title='bbox 695 1794 941 1877; x_wconf 87' lang='lat' dir='ltr'><strong>proprie</strong></span> <span class='ocrx_word' id='word_1_115' title='bbox 995 1796 1266 1857; x_wconf 66' lang='lat' dir='ltr'><strong>civitatis</strong></span> <span class='ocrx_word' id='word_1_116' title='bbox 1313 1801 1465 1855; x_wconf 64' lang='lat' dir='ltr'><strong>emet</strong></span> <span class='ocrx_word' id='word_1_117' title='bbox 1478 1839 1498 1871; x_wconf 88' lang='lat'><em>,</em></span> <span class='ocrx_word' id='word_1_118' title='bbox 1553 1793 1840 1874; x_wconf 71' lang='lat' dir='ltr'><strong>restringi</strong></span> <span class='ocrx_word' id='word_1_119' title='bbox 1891 1793 1970 1855; x_wconf 86' lang='lat' dir='ltr'><strong>ad</strong></span> <span class='ocrx_word' id='word_1_120' title='bbox 2010 1796 2441 1857; x_wconf 83' lang='lat' dir='ltr'><strong>controversias</strong></span> 
     </span>
     <span class='ocr_line' id='line_1_14' title="bbox 479 1901 876 1983; baseline -0.003 -21"><span class='ocrx_word' id='word_1_121' title='bbox 479 1901 876 1983; x_wconf 78' lang='lat' dir='ltr'><strong>privatorum.</strong></span> 
     </span>
     <span class='ocr_line' id='line_1_15' title="bbox 495 1999 2440 2087; baseline 0 -24"><span class='ocrx_word' id='word_1_122' title='bbox 495 2044 504 2049; x_wconf 89' lang='lat'>-</span> <span class='ocrx_word' id='word_1_123' title='bbox 560 2003 756 2085; x_wconf 71' lang='lat' dir='ltr'><strong>quoad</strong></span> <span class='ocrx_word' id='word_1_124' title='bbox 774 2003 997 2087; x_wconf 74' lang='lat' dir='ltr'><strong>populo</strong></span> <span class='ocrx_word' id='word_1_125' title='bbox 1014 2014 1314 2084; x_wconf 75' lang='lat' dir='ltr'><strong>proestare</strong></span> <span class='ocrx_word' id='word_1_126' title='bbox 1340 1999 1674 2083; x_wconf 71' lang='lat' dir='ltr'><strong>voluerunt)</strong></span> <span class='ocrx_word' id='word_1_127' title='bbox 1722 2001 2024 2077; x_wconf 76' lang='lat' dir='ltr'><strong>Davisius,</strong></span> <span class='ocrx_word' id='word_1_128' title='bbox 2052 2001 2164 2081; x_wconf 78' lang='lat' dir='ltr'><strong>qui</strong></span> <span class='ocrx_word' id='word_1_129' title='bbox 2189 2001 2440 2077; x_wconf 67' lang='lat' dir='ltr'><strong>alteram</strong></span> 
     </span>
     <span class='ocr_line' id='line_1_16' title="bbox 481 2105 2440 2188; baseline -0.004 -18"><span class='ocrx_word' id='word_1_130' title='bbox 481 2107 834 2183; x_wconf 74' lang='lat' dir='ltr'><strong>lectionem,</strong></span> <span class='ocrx_word' id='word_1_131' title='bbox 865 2106 1151 2188; x_wconf 73' lang='lat' dir='ltr'><strong>populum</strong></span> <span class='ocrx_word' id='word_1_132' title='bbox 1161 2152 1181 2182; x_wconf 89' lang='lat'><em>,</em></span> <span class='ocrx_word' id='word_1_133' title='bbox 1218 2105 1516 2182; x_wconf 78' lang='lat' dir='ltr'><strong>servabat,</strong></span> <span class='ocrx_word' id='word_1_134' title='bbox 1547 2106 1838 2187; x_wconf 71' lang='lat' dir='ltr'><strong>populum</strong></span> <span class='ocrx_word' id='word_1_135' title='bbox 1869 2116 2130 2186; x_wconf 74' lang='lat' dir='ltr'><strong>praestat</strong></span> <span class='ocrx_word' id='word_1_136' title='bbox 2141 2148 2161 2181; x_wconf 86' lang='lat'>‚</span> <span class='ocrx_word' id='word_1_137' title='bbox 2201 2105 2404 2184; x_wconf 86' lang='lat' dir='ltr'><strong>inquit</strong></span> <span class='ocrx_word' id='word_1_138' title='bbox 2420 2149 2440 2180; x_wconf 87' lang='lat'>‚</span> 
     </span>
     <span class='ocr_line' id='line_1_17' title="bbox 480 2207 2440 2290; baseline -0.001 -19"><span class='ocrx_word' id='word_1_139' title='bbox 480 2207 558 2271; x_wconf 63' lang='lat' dir='ltr'><strong>im</strong></span> <span class='ocrx_word' id='word_1_140' title='bbox 582 2209 694 2290; x_wconf 82' lang='lat' dir='ltr'><strong>qui</strong></span> <span class='ocrx_word' id='word_1_141' title='bbox 747 2208 882 2271; x_wconf 84' lang='lat' dir='ltr'><strong>eius</strong></span> <span class='ocrx_word' id='word_1_142' title='bbox 930 2209 1104 2288; x_wconf 83' lang='lat' dir='ltr'><strong>quasi</strong></span> <span class='ocrx_word' id='word_1_143' title='bbox 1155 2228 1328 2288; x_wconf 85' lang='lat' dir='ltr'><strong>praes</strong></span> <span class='ocrx_word' id='word_1_144' title='bbox 1364 2217 1451 2269; x_wconf 88' lang='lat' dir='ltr'><strong>est</strong></span> <span class='ocrx_word' id='word_1_145' title='bbox 1468 2255 1486 2284; x_wconf 93' lang='lat'><strong><em>,</em></strong></span> <span class='ocrx_word' id='word_1_146' title='bbox 1527 2208 1829 2288; x_wconf 85' lang='lat' dir='ltr'><strong>illumque</strong></span> <span class='ocrx_word' id='word_1_147' title='bbox 1878 2208 2153 2287; x_wconf 85' lang='lat' dir='ltr'><strong>periculo</strong></span> <span class='ocrx_word' id='word_1_148' title='bbox 2200 2207 2440 2269; x_wconf 83' lang='lat' dir='ltr'><strong>liberat.</strong></span> 
     </span>
     <span class='ocr_line' id='line_1_18' title="bbox 479 2310 2440 2391; baseline -0.001 -18"><span class='ocrx_word' id='word_1_149' title='bbox 479 2310 616 2373; x_wconf 68' lang='lat' dir='ltr'><strong>Non</strong></span> <span class='ocrx_word' id='word_1_150' title='bbox 648 2310 1062 2372; x_wconf 81' lang='lat' dir='ltr'><strong>demonstrant</strong></span> <span class='ocrx_word' id='word_1_151' title='bbox 1093 2330 1227 2371; x_wconf 86' lang='lat' dir='ltr'><strong>eam</strong></span> <span class='ocrx_word' id='word_1_152' title='bbox 1258 2310 1819 2389; x_wconf 76' lang='lat' dir='ltr'><strong>interpretationem</strong></span> <span class='ocrx_word' id='word_1_153' title='bbox 1850 2310 1974 2371; x_wconf 90' lang='lat' dir='ltr'><strong>loci</strong></span> <span class='ocrx_word' id='word_1_154' title='bbox 1983 2357 2002 2387; x_wconf 88' lang='lat'>‚</span> <span class='ocrx_word' id='word_1_155' title='bbox 2031 2330 2183 2391; x_wconf 91' lang='lat' dir='ltr'><strong>quos</strong></span> <span class='ocrx_word' id='word_1_156' title='bbox 2215 2329 2440 2371; x_wconf 78' lang='lat' dir='ltr'><strong>memo·</strong></span> 
     </span>
     <span class='ocr_line' id='line_1_19' title="bbox 483 2413 2440 2493; baseline -0.001 -18"><span class='ocrx_word' id='word_1_157' title='bbox 483 2414 676 2490; x_wconf 76' lang='lat' dir='ltr'><strong>ravit,</strong></span> <span class='ocrx_word' id='word_1_158' title='bbox 710 2421 781 2474; x_wconf 84' lang='lat' dir='ltr'><strong>ut</strong></span> <span class='ocrx_word' id='word_1_159' title='bbox 814 2413 972 2474; x_wconf 85' lang='lat' dir='ltr'><strong>hene</strong></span> <span class='ocrx_word' id='word_1_160' title='bbox 1007 2415 1245 2475; x_wconf 88' lang='lat' dir='ltr'><strong>monuit</strong></span> <span class='ocrx_word' id='word_1_161' title='bbox 1280 2414 1592 2474; x_wconf 79' lang='lat' dir='ltr'><strong>Ernestus:</strong></span> <span class='ocrx_word' id='word_1_162' title='bbox 1636 2422 1697 2473; x_wconf 87' lang='lat' dir='ltr'><strong>et</strong></span> <span class='ocrx_word' id='word_1_163' title='bbox 1731 2414 1781 2472; x_wconf 87' lang='lat' dir='ltr'><strong>si</strong></span> <span class='ocrx_word' id='word_1_164' title='bbox 1815 2413 1916 2474; x_wconf 82' lang='lat' dir='ltr'><strong>vel</strong></span> <span class='ocrx_word' id='word_1_165' title='bbox 1950 2414 2193 2492; x_wconf 87' lang='lat' dir='ltr'><strong>probari</strong></span> <span class='ocrx_word' id='word_1_166' title='bbox 2222 2421 2440 2493; x_wconf 86' lang='lat' dir='ltr'><strong>posset,</strong></span> 
     </span>
     <span class='ocr_line' id='line_1_20' title="bbox 482 2515 2441 2598; baseline -0.002 -18"><span class='ocrx_word' id='word_1_167' title='bbox 482 2519 833 2580; x_wconf 85' lang='lat' dir='ltr'><strong>conveniret</strong></span> <span class='ocrx_word' id='word_1_168' title='bbox 883 2519 1135 2597; x_wconf 80' lang='lat' dir='ltr'><strong>sing-ulis</strong></span> <span class='ocrx_word' id='word_1_169' title='bbox 1181 2516 1539 2593; x_wconf 47' lang='lat' dir='ltr'><strong>clientibus&amp;</strong></span> <span class='ocrx_word' id='word_1_170' title='bbox 1598 2538 1723 2578; x_wconf 89' lang='lat' dir='ltr'><strong>non</strong></span> <span class='ocrx_word' id='word_1_171' title='bbox 1774 2515 2056 2578; x_wconf 83' lang='lat' dir='ltr'><strong>universo</strong></span> <span class='ocrx_word' id='word_1_172' title='bbox 2091 2519 2313 2598; x_wconf 74' lang='lat' dir='ltr'><strong>populo</strong></span> <span class='ocrx_word' id='word_1_173' title='bbox 2331 2563 2351 2594; x_wconf 87' lang='lat'><strong><em>,</em></strong></span> <span class='ocrx_word' id='word_1_174' title='bbox 2390 2519 2441 2577; x_wconf 84' lang='lat' dir='ltr'><strong>si</strong></span> 
     </span>
     <span class='ocr_line' id='line_1_21' title="bbox 480 2621 2445 2703; baseline 0 -22"><span class='ocrx_word' id='word_1_175' title='bbox 480 2622 730 2703; x_wconf 82' lang='lat' dir='ltr'><strong>quidem</strong></span> <span class='ocrx_word' id='word_1_176' title='bbox 765 2621 919 2683; x_wconf 87' lang='lat' dir='ltr'><strong>alter</strong></span> <span class='ocrx_word' id='word_1_177' title='bbox 951 2641 989 2682; x_wconf 91' lang='lat' dir='ltr'><strong>e</strong></span> <span class='ocrx_word' id='word_1_178' title='bbox 1023 2621 1398 2700; x_wconf 75' lang='lat' dir='ltr'><strong>litigantibus</strong></span> <span class='ocrx_word' id='word_1_179' title='bbox 1424 2630 1590 2681; x_wconf 85' lang='lat' dir='ltr'><strong>certe</strong></span> <span class='ocrx_word' id='word_1_180' title='bbox 1616 2622 1702 2681; x_wconf 87' lang='lat' dir='ltr'><strong>sic</strong></span> <span class='ocrx_word' id='word_1_181' title='bbox 1729 2621 2015 2701; x_wconf 83' lang='lat' dir='ltr'><strong>praestari</strong></span> <span class='ocrx_word' id='word_1_182' title='bbox 2039 2642 2161 2682; x_wconf 87' lang='lat' dir='ltr'><strong>non</strong></span> <span class='ocrx_word' id='word_1_183' title='bbox 2191 2628 2445 2701; x_wconf 84' lang='lat' dir='ltr'><strong>poterat.</strong></span> 
     </span>
     <span class='ocr_line' id='line_1_22' title="bbox 477 2723 2440 2806; baseline -0.003 -18"><span class='ocrx_word' id='word_1_184' title='bbox 477 2725 569 2788; x_wconf 68' lang='lat' dir='ltr'><strong>Nc</strong></span> <span class='ocrx_word' id='word_1_185' title='bbox 602 2726 882 2786; x_wconf 78' lang='lat' dir='ltr'><strong>Ernestus</strong></span> <span class='ocrx_word' id='word_1_186' title='bbox 916 2724 1169 2806; x_wconf 83' lang='lat' dir='ltr'><strong>quidem</strong></span> <span class='ocrx_word' id='word_1_187' title='bbox 1203 2724 1545 2785; x_wconf 88' lang='lat' dir='ltr'><strong>audiendus</strong></span> <span class='ocrx_word' id='word_1_188' title='bbox 1575 2733 1693 2800; x_wconf 88' lang='lat' dir='ltr'><strong>est,</strong></span> <span class='ocrx_word' id='word_1_189' title='bbox 1729 2724 1838 2806; x_wconf 89' lang='lat' dir='ltr'><strong>qui</strong></span> <span class='ocrx_word' id='word_1_190' title='bbox 1860 2735 2161 2806; x_wconf 73' lang='lat' dir='ltr'><strong>praestare</strong></span> <span class='ocrx_word' id='word_1_191' title='bbox 2195 2723 2440 2803; x_wconf 87' lang='lat' dir='ltr'><strong>accipit,</strong></span> 
     </span>
     <span class='ocr_line' id='line_1_23' title="bbox 477 2827 2441 2911; baseline -0.001 -21"><span class='ocrx_word' id='word_1_192' title='bbox 477 2828 649 2911; x_wconf 80' lang='lat' dir='ltr'><strong>quasi</strong></span> <span class='ocrx_word' id='word_1_193' title='bbox 696 2829 771 2889; x_wconf 80' lang='lat' dir='ltr'><strong>sit</strong></span> <span class='ocrx_word' id='word_1_194' title='bbox 814 2836 1014 2889; x_wconf 86' lang='lat' dir='ltr'><strong>tutum</strong></span> <span class='ocrx_word' id='word_1_195' title='bbox 1058 2835 1359 2907; x_wconf 82' lang='lat' dir='ltr'><strong>praestare</strong></span> <span class='ocrx_word' id='word_1_196' title='bbox 1393 2847 1427 2887; x_wconf 89' lang='lat' dir='ltr'><strong>a</strong></span> <span class='ocrx_word' id='word_1_197' title='bbox 1461 2827 1738 2907; x_wconf 88' lang='lat' dir='ltr'><strong>periculo</strong></span> <span class='ocrx_word' id='word_1_198' title='bbox 1754 2872 1774 2904; x_wconf 89' lang='lat'><em>‚</em></span> <span class='ocrx_word' id='word_1_199' title='bbox 1813 2828 2046 2889; x_wconf 82' lang='lat' dir='ltr'><strong>ratione</strong></span> <span class='ocrx_word' id='word_1_200' title='bbox 2078 2848 2321 2908; x_wconf 87' lang='lat' dir='ltr'><strong>prorsus</strong></span> <span class='ocrx_word' id='word_1_201' title='bbox 2354 2827 2441 2888; x_wconf 83' lang='lat' dir='ltr'><strong>in-</strong></span> 
     </span>
     <span class='ocr_line' id='line_1_24' title="bbox 478 2928 2443 3010; baseline -0.002 -17"><span class='ocrx_word' id='word_1_202' title='bbox 478 2931 705 2993; x_wconf 85' lang='lat' dir='ltr'><strong>audita.</strong></span> <span class='ocrx_word' id='word_1_203' title='bbox 799 2930 852 2990; x_wconf 79' lang='lat' dir='ltr'>N</span> <span class='ocrx_word' id='word_1_204' title='bbox 853 2950 950 2992; x_wconf 89' lang='lat' dir='ltr'><strong>am</strong></span> <span class='ocrx_word' id='word_1_205' title='bbox 1003 2928 1157 3010; x_wconf 83' lang='lat' dir='ltr'><strong>quid</strong></span> <span class='ocrx_word' id='word_1_206' title='bbox 1205 2929 1284 2990; x_wconf 84' lang='lat' dir='ltr'><strong>de</strong></span> <span class='ocrx_word' id='word_1_207' title='bbox 1338 2929 1470 2991; x_wconf 88' lang='lat' dir='ltr'><strong>eius</strong></span> <span class='ocrx_word' id='word_1_208' title='bbox 1536 2930 1885 2990; x_wconf 88' lang='lat' dir='ltr'><strong>coniectura</strong></span> <span class='ocrx_word' id='word_1_209' title='bbox 1938 2929 2266 2990; x_wconf 89' lang='lat' dir='ltr'><strong>dicendum</strong></span> <span class='ocrx_word' id='word_1_210' title='bbox 2321 2937 2410 2989; x_wconf 87' lang='lat' dir='ltr'><strong>est</strong></span> <span class='ocrx_word' id='word_1_211' title='bbox 2424 2975 2443 3006; x_wconf 89' lang='lat'>‚</span> 
     </span>
     <span class='ocr_line' id='line_1_25' title="bbox 477 3031 2443 3118; baseline -0.003 -21"><span class='ocrx_word' id='word_1_212' title='bbox 477 3036 675 3118; x_wconf 68' lang='lat' dir='ltr'><strong>quoad</strong></span> <span class='ocrx_word' id='word_1_213' title='bbox 693 3035 917 3116; x_wconf 69' lang='lat' dir='ltr'><strong>populo</strong></span> <span class='ocrx_word' id='word_1_214' title='bbox 935 3033 1188 3114; x_wconf 75' lang='lat' dir='ltr'><strong>probare</strong></span> <span class='ocrx_word' id='word_1_215' title='bbox 1205 3043 1554 3114; x_wconf 68' lang='lat' dir='ltr'><strong>potuerunt,</strong></span> <span class='ocrx_word' id='word_1_216' title='bbox 1575 3040 1681 3093; x_wconf 86' lang='lat' dir='ltr'><strong>aut</strong></span> <span class='ocrx_word' id='word_1_217' title='bbox 1700 3032 1985 3113; x_wconf 75' lang='lat' dir='ltr'><strong>probari?</strong></span> <span class='ocrx_word' id='word_1_218' title='bbox 2003 3051 2163 3111; x_wconf 84' lang='lat' dir='ltr'><strong>quae</strong></span> <span class='ocrx_word' id='word_1_219' title='bbox 2174 3031 2443 3110; x_wconf 86' lang='lat' dir='ltr'><strong>primum</strong></span> 
     </span>
     <span class='ocr_line' id='line_1_26' title="bbox 477 3133 2445 3216; baseline -0.003 -15"><span class='ocrx_word' id='word_1_220' title='bbox 477 3141 615 3201; x_wconf 73' lang='lat' dir='ltr'><strong>satis</strong></span> <span class='ocrx_word' id='word_1_221' title='bbox 667 3138 866 3200; x_wconf 84' lang='lat' dir='ltr'><strong>audax</strong></span> <span class='ocrx_word' id='word_1_222' title='bbox 919 3144 1038 3216; x_wconf 82' lang='lat' dir='ltr'><strong>est3</strong></span> <span class='ocrx_word' id='word_1_223' title='bbox 1100 3144 1233 3198; x_wconf 86' lang='lat' dir='ltr'><strong>tum</strong></span> <span class='ocrx_word' id='word_1_224' title='bbox 1283 3136 1532 3216; x_wconf 84' lang='lat' dir='ltr'><strong>requiro</strong></span> <span class='ocrx_word' id='word_1_225' title='bbox 1577 3135 1954 3197; x_wconf 82' lang='lat' dir='ltr'><strong>commodam</strong></span> <span class='ocrx_word' id='word_1_226' title='bbox 1987 3135 2345 3195; x_wconf 84' lang='lat' dir='ltr'><strong>sententiam</strong></span> <span class='ocrx_word' id='word_1_227' title='bbox 2375 3133 2445 3196; x_wconf 86' lang='lat' dir='ltr'><strong>in</strong></span> 
     </span>
     <span class='ocr_line' id='line_1_27' title="bbox 476 3238 2442 3321; baseline -0.002 -17"><span class='ocrx_word' id='word_1_228' title='bbox 476 3241 624 3319; x_wconf 79' lang='lat' dir='ltr'><strong>hoc,</strong></span> <span class='ocrx_word' id='word_1_229' title='bbox 683 3250 755 3304; x_wconf 87' lang='lat' dir='ltr'><strong>ut</strong></span> <span class='ocrx_word' id='word_1_230' title='bbox 805 3238 1213 3302; x_wconf 81' lang='lat' dir='ltr'><strong>iurisconsulti</strong></span> <span class='ocrx_word' id='word_1_231' title='bbox 1261 3238 1545 3300; x_wconf 80' lang='lat' dir='ltr'><strong>dicantur</strong></span> <span class='ocrx_word' id='word_1_232' title='bbox 1573 3239 1828 3321; x_wconf 78' lang='lat' dir='ltr'><strong>probare</strong></span> <span class='ocrx_word' id='word_1_233' title='bbox 1858 3240 1957 3298; x_wconf 69' lang='lat' dir='ltr'><strong>ius</strong></span> <span class='ocrx_word' id='word_1_234' title='bbox 1997 3239 2177 3301; x_wconf 71' lang='lat' dir='ltr'><strong>civite</strong></span> <span class='ocrx_word' id='word_1_235' title='bbox 2198 3239 2442 3321; x_wconf 70' lang='lat' dir='ltr'><strong>populo.</strong></span> 
     </span>
     <span class='ocr_line' id='line_1_28' title="bbox 476 3339 2446 3421; baseline -0.002 -16"><span class='ocrx_word' id='word_1_236' title='bbox 476 3343 703 3405; x_wconf 75' lang='lat' dir='ltr'><strong>Iosero</strong></span> <span class='ocrx_word' id='word_1_237' title='bbox 756 3341 1069 3403; x_wconf 76' lang='lat' dir='ltr'><strong>Goerenzii</strong></span> <span class='ocrx_word' id='word_1_238' title='bbox 1086 3387 1106 3418; x_wconf 88' lang='lat'><strong><em>,</em></strong></span> <span class='ocrx_word' id='word_1_239' title='bbox 1163 3339 1276 3420; x_wconf 88' lang='lat' dir='ltr'><strong>qui</strong></span> <span class='ocrx_word' id='word_1_240' title='bbox 1339 3340 1489 3401; x_wconf 86' lang='lat' dir='ltr'><strong>item</strong></span> <span class='ocrx_word' id='word_1_241' title='bbox 1534 3340 1825 3421; x_wconf 72' lang='lat' dir='ltr'><strong>populum</strong></span> <span class='ocrx_word' id='word_1_242' title='bbox 1878 3348 2113 3416; x_wconf 82' lang='lat' dir='ltr'><strong>servat,</strong></span> <span class='ocrx_word' id='word_1_243' title='bbox 2169 3340 2446 3420; x_wconf 83' lang='lat' dir='ltr'><strong>placebat</strong></span> 
     </span>
     <span class='ocr_line' id='line_1_29' title="bbox 415 3435 2443 3524; baseline 0 -20"><span class='ocrx_word' id='word_1_244' title='bbox 415 3435 895 3524; x_wconf 40' lang='lat' dir='ltr'><strong>&amp;interpretatio</strong></span> <span class='ocrx_word' id='word_1_245' title='bbox 912 3490 933 3522; x_wconf 85' lang='lat'><strong><em>,</em></strong></span> <span class='ocrx_word' id='word_1_246' title='bbox 988 3452 1063 3506; x_wconf 88' lang='lat' dir='ltr'><strong>ut</strong></span> <span class='ocrx_word' id='word_1_247' title='bbox 1105 3443 1506 3524; x_wconf 85' lang='lat' dir='ltr'><strong>acciperetur,</strong></span> <span class='ocrx_word' id='word_1_248' title='bbox 1571 3467 1604 3502; x_wconf 64' lang='lat' dir='ltr'><strong>a</strong></span> <span class='ocrx_word' id='word_1_249' title='bbox 1620 3442 1717 3503; x_wconf 87' lang='lat' dir='ltr'><strong>ius</strong></span> <span class='ocrx_word' id='word_1_250' title='bbox 1758 3443 1943 3504; x_wconf 79' lang='lat' dir='ltr'><strong>civile</strong></span> <span class='ocrx_word' id='word_1_251' title='bbox 1988 3463 2061 3505; x_wconf 81' lang='lat' dir='ltr'><strong>ea</strong></span> <span class='ocrx_word' id='word_1_252' title='bbox 2098 3450 2336 3505; x_wconf 85' lang='lat' dir='ltr'><strong>tantum</strong></span> <span class='ocrx_word' id='word_1_253' title='bbox 2367 3464 2443 3505; x_wconf 84' lang='lat' dir='ltr'><strong>cx</strong></span> 
     </span>
     <span class='ocr_line' id='line_1_30' title="bbox 479 3547 2450 3629; baseline -0.001 -20"><span class='ocrx_word' id='word_1_254' title='bbox 479 3573 514 3609; x_wconf 72' lang='grc' dir='ltr'><strong>ιι</strong></span> <span class='ocrx_word' id='word_1_255' title='bbox 530 3558 704 3629; x_wconf 81' lang='lat' dir='ltr'><strong>parte</strong></span> <span class='ocrx_word' id='word_1_256' title='bbox 734 3548 1165 3622; x_wconf 85' lang='lat' dir='ltr'><strong>excoluerunt,</strong></span> <span class='ocrx_word' id='word_1_257' title='bbox 1191 3566 1316 3628; x_wconf 84' lang='lat' dir='ltr'><strong>qua</strong></span> <span class='ocrx_word' id='word_1_258' title='bbox 1339 3547 1552 3628; x_wconf 88' lang='lat' dir='ltr'><strong>populi</strong></span> <span class='ocrx_word' id='word_1_259' title='bbox 1577 3555 1777 3627; x_wconf 77' lang='lat' dir='ltr'><strong>partes</strong></span> <span class='ocrx_word' id='word_1_260' title='bbox 1800 3565 2125 3628; x_wconf 80' lang='lat' dir='ltr'><strong>causasque</strong></span> <span class='ocrx_word' id='word_1_261' title='bbox 2148 3548 2450 3629; x_wconf 79' lang='lat' dir='ltr'><strong>suscipere</strong></span> 
     </span>
     <span class='ocr_line' id='line_1_31' title="bbox 481 3649 2449 3730; baseline 0.002 -20"><span class='ocrx_word' id='word_1_262' title='bbox 481 3674 516 3710; x_wconf 72' lang='grc' dir='ltr'><strong>ιι</strong></span> <span class='ocrx_word' id='word_1_263' title='bbox 533 3659 801 3730; x_wconf 80' lang='lat' dir='ltr'><strong>possent3</strong></span> <span class='ocrx_word' id='word_1_264' title='bbox 841 3658 1076 3714; x_wconf 80' lang='lat' dir='ltr'><strong>tantum</strong></span> <span class='ocrx_word' id='word_1_265' title='bbox 1099 3649 1318 3730; x_wconf 87' lang='lat' dir='ltr'><strong>igitur,</strong></span> <span class='ocrx_word' id='word_1_266' title='bbox 1349 3657 1651 3730; x_wconf 85' lang='lat' dir='ltr'><strong>quantum</strong></span> <span class='ocrx_word' id='word_1_267' title='bbox 1690 3671 1833 3711; x_wconf 89' lang='lat' dir='ltr'><strong>usus</strong></span> <span class='ocrx_word' id='word_1_268' title='bbox 1865 3650 2115 3713; x_wconf 82' lang='lat' dir='ltr'><strong>sorensis</strong></span> <span class='ocrx_word' id='word_1_269' title='bbox 2145 3651 2449 3714; x_wconf 74' lang='lat' dir='ltr'><strong>desiderat</strong></span> 
     </span>
     <span class='ocr_line' id='line_1_32' title="bbox 482 3751 2446 3836; baseline 0.002 -24"><span class='ocrx_word' id='word_1_270' title='bbox 482 3752 604 3834; x_wconf 73' lang='lat'><strong>»(§</strong></span> <span class='ocrx_word' id='word_1_271' title='bbox 655 3751 813 3833; x_wconf 79' lang='lat'>15).’²</span> <span class='ocrx_word' id='word_1_272' title='bbox 909 3751 1030 3814; x_wconf 80' lang='lat' dir='ltr'><strong>Sed</strong></span> <span class='ocrx_word' id='word_1_273' title='bbox 1054 3797 1075 3829; x_wconf 85' lang='lat'><strong><em>,</em></strong></span> <span class='ocrx_word' id='word_1_274' title='bbox 1121 3761 1546 3833; x_wconf 84' lang='lat' dir='ltr'><strong>praeterquam</strong></span> <span class='ocrx_word' id='word_1_275' title='bbox 1598 3753 1763 3834; x_wconf 89' lang='lat' dir='ltr'><strong>quod</strong></span> <span class='ocrx_word' id='word_1_276' title='bbox 1812 3755 2063 3815; x_wconf 82' lang='lat' dir='ltr'><strong>obscura</strong></span> <span class='ocrx_word' id='word_1_277' title='bbox 2115 3756 2243 3836; x_wconf 83' lang='lat' dir='ltr'><strong>ipsa</strong></span> <span class='ocrx_word' id='word_1_278' title='bbox 2292 3756 2446 3817; x_wconf 87' lang='lat' dir='ltr'><strong>haec</strong></span> 
     </span>
     <span class='ocr_line' id='line_1_33' title="bbox 482 3855 2446 3937; baseline 0 -20"><span class='ocrx_word' id='word_1_279' title='bbox 482 3855 907 3935; x_wconf 84' lang='lat' dir='ltr'><strong>interpretatio</strong></span> <span class='ocrx_word' id='word_1_280' title='bbox 937 3862 1072 3932; x_wconf 69' lang='lat' dir='ltr'><strong>est,</strong></span> <span class='ocrx_word' id='word_1_281' title='bbox 1107 3856 1248 3936; x_wconf 82' lang='lat' dir='ltr'><strong>quis</strong></span> <span class='ocrx_word' id='word_1_282' title='bbox 1283 3876 1578 3937; x_wconf 81' lang='lat' dir='ltr'><strong>umquam</strong></span> <span class='ocrx_word' id='word_1_283' title='bbox 1613 3856 1906 3918; x_wconf 80' lang='lat' dir='ltr'><strong>concedet</strong></span> <span class='ocrx_word' id='word_1_284' title='bbox 1938 3858 2049 3917; x_wconf 87' lang='lat' dir='ltr'><strong>ista</strong></span> <span class='ocrx_word' id='word_1_285' title='bbox 2083 3877 2196 3936; x_wconf 85' lang='lat' dir='ltr'><strong>per</strong></span> <span class='ocrx_word' id='word_1_286' title='bbox 2225 3878 2446 3917; x_wconf 87' lang='lat' dir='ltr'><strong>sermo·</strong></span> 
     </span>
     <span class='ocr_line' id='line_1_34' title="bbox 482 3955 2446 4041; baseline -0.003 -21"><span class='ocrx_word' id='word_1_287' title='bbox 482 3959 577 4020; x_wconf 87' lang='lat' dir='ltr'><strong>nis</strong></span> <span class='ocrx_word' id='word_1_288' title='bbox 629 3979 808 4019; x_wconf 87' lang='lat' dir='ltr'><strong>usum</strong></span> <span class='ocrx_word' id='word_1_289' title='bbox 840 3955 1214 4021; x_wconf 62' lang='lat' dir='ltr'><strong>mciooemi-</strong></span> <span class='ocrx_word' id='word_1_290' title='bbox 1258 3960 1461 4022; x_wconf 80' lang='lat' dir='ltr'><strong>verbis</strong></span> <span class='ocrx_word' id='word_1_291' title='bbox 1496 3959 1642 4021; x_wconf 89' lang='lat' dir='ltr'><strong>duci</strong></span> <span class='ocrx_word' id='word_1_292' title='bbox 1668 3963 1886 4041; x_wconf 78' lang='lat' dir='ltr'><strong>posse?</strong></span> <span class='ocrx_word' id='word_1_293' title='bbox 1925 3959 2261 4021; x_wconf 72' lang='lat' dir='ltr'><strong>Postremus</strong></span> <span class='ocrx_word' id='word_1_294' title='bbox 2289 3959 2446 4021; x_wconf 72' lang='lat' dir='ltr'><strong>uad.</strong></span> 
     </span>
     <span class='ocr_line' id='line_1_35' title="bbox 481 4060 2445 4143; baseline -0.002 -19"><span class='ocrx_word' id='word_1_295' title='bbox 481 4063 683 4143; x_wconf 78' lang='lat' dir='ltr'><strong>vigius</strong></span> <span class='ocrx_word' id='word_1_296' title='bbox 723 4062 811 4122; x_wconf 88' lang='lat' dir='ltr'><strong>sic</strong></span> <span class='ocrx_word' id='word_1_297' title='bbox 859 4060 1108 4138; x_wconf 76' lang='lat' dir='ltr'><strong>corrigit</strong></span> <span class='ocrx_word' id='word_1_298' title='bbox 1158 4069 1220 4121; x_wconf 87' lang='lat' dir='ltr'><strong>et</strong></span> <span class='ocrx_word' id='word_1_299' title='bbox 1273 4062 1732 4140; x_wconf 84' lang='lat' dir='ltr'><strong>interpretatur:</strong></span> <span class='ocrx_word' id='word_1_300' title='bbox 1778 4062 1973 4143; x_wconf 73' lang='lat' dir='ltr'><strong>quoad</strong></span> <span class='ocrx_word' id='word_1_301' title='bbox 2009 4060 2091 4119; x_wconf 79' lang='lat' dir='ltr'><strong>ad</strong></span> <span class='ocrx_word' id='word_1_302' title='bbox 2120 4061 2445 4141; x_wconf 81' lang='lat' dir='ltr'><strong>populum,</strong></span> 
     </span>
     <span class='ocr_line' id='line_1_36' title="bbox 481 4162 2444 4246; baseline -0.003 -17"><span class='ocrx_word' id='word_1_303' title='bbox 481 4168 523 4229; x_wconf 85' lang='lat' dir='ltr'><strong>i.</strong></span> <span class='ocrx_word' id='word_1_304' title='bbox 562 4186 616 4227; x_wconf 89' lang='lat' dir='ltr'><strong>c.</strong></span> <span class='ocrx_word' id='word_1_305' title='bbox 651 4164 815 4244; x_wconf 84' lang='lat' dir='ltr'><strong>apud</strong></span> <span class='ocrx_word' id='word_1_306' title='bbox 860 4162 1189 4243; x_wconf 83' lang='lat' dir='ltr'><strong>populum:</strong></span> <span class='ocrx_word' id='word_1_307' title='bbox 1235 4172 1296 4225; x_wconf 85' lang='lat' dir='ltr'><strong>ct</strong></span> <span class='ocrx_word' id='word_1_308' title='bbox 1321 4176 1621 4246; x_wconf 72' lang='lat' dir='ltr'><strong>praestare</strong></span> <span class='ocrx_word' id='word_1_309' title='bbox 1662 4167 1761 4226; x_wconf 74' lang='lat' dir='ltr'><strong>ius</strong></span> <span class='ocrx_word' id='word_1_310' title='bbox 1794 4185 1918 4225; x_wconf 63' lang='lat' dir='ltr'><strong>eme</strong></span> <span class='ocrx_word' id='word_1_311' title='bbox 1938 4209 1957 4239; x_wconf 88' lang='lat'>‚</span> <span class='ocrx_word' id='word_1_312' title='bbox 2003 4164 2157 4224; x_wconf 83' lang='lat' dir='ltr'><strong>tueri</strong></span> <span class='ocrx_word' id='word_1_313' title='bbox 2193 4163 2444 4241; x_wconf 77' lang='lat' dir='ltr'><strong>eiusque</strong></span> 
     </span>
    </p>
   </div>
  </div>
 </body>
</html>
