3131 5032
1597 445 1730 517 162

636 653 730 709 ille
761 656 875 709 loeo
905 657 971 709 C.

633 751 693 801 in
722 749 819 802 illo
846 749 960 800 loeo
989 748 1073 800 1⁰.

635 838 802 911 (loeo)
839 840 956 892 120.

636 931 778 983 soleo
807 940 867 982 ut
897 932 1003 983 eive
1036 929 1081 982 G
1109 927 1174 980 Β.

627 1023 743 1092 ipse
772 1039 980 1074 meeum
1013 1038 1070 1074 α.

632 1114 743 1165 aive
774 1123 859 1164 aut
886 1111 1014 1182 quid
1043 1110 1211 1163 acribo
1239 1107 1279 1161 Β
1310 1106 1354 1163 O
1384 1107 1427 1158 E
1460 1124 1493 1172 y
1526 1106 1586 1157 δ.

627 1205 736 1256 aive
764 1204 893 1272 quid
926 1202 1091 1254 scribo
1122 1219 1179 1253 α.

627 1292 827 1362 aliquid
858 1303 943 1344 aut
972 1293 1139 1345 scribo
1162 1297 1226 1354 β.

629 1382 772 1435 aliud
799 1382 927 1453 quid
959 1383 1047 1435 39.

1059 1517 1092 1585 §
1129 1516 1183 1571 2.

620 1655 869 1726 equidem
908 1655 1051 1727 (qui)
1082 1656 1170 1708 1⁰.

1686 663 1804 703 ante
1835 650 2124 706 admirabar
2146 654 2238 707 89.
2270 654 2358 707 96.
2391 656 2510 708 120.

1687 745 1744 795 in
1776 743 1861 795 his
1890 744 1978 795 39.

1686 836 1753 886 iia
1778 835 1835 886 in
1866 836 1954 887 96.
2013 892 2017 897 ,

1682 928 1905 996 cogitare
1937 925 1980 979 G
2012 927 2052 979 E
2086 928 2126 979 δ
2153 928 2241 981 10.
2268 929 2359 982 89.

1680 1020 1938 1089 eogitabar
1964 1039 2019 1084 y.

1681 1113 1841 1182 idque
1866 1124 1924 1164 ut
1953 1113 2040 1165 47.
2071 1113 2158 1166 56.
2175 1113 2262 1167 96.
2281 1112 2399 1166 120.
2414 1112 2535 1166 122.
2552 1113 2672 1168 124.

1745 1203 1868 1255 126.
1906 1203 2028 1255 127.

1677 1293 1934 1346 induebar
1962 1293 2026 1346 C.

1680 1382 1835 1454 (tam)
1866 1384 2016 1438 valde
2045 1384 2089 1438 D
2118 1387 2210 1446 58.
2237 1386 2302 1439 R.

1674 1479 1781 1528 iam
1809 1476 1962 1530 valde
1992 1497 2049 1543 r.

1667 1567 1928 1621 'delectare
1959 1570 2005 1622 A
2037 1570 2125 1622 11.

1675 1658 1777 1729 (te)
1809 1660 1898 1712 10.
1926 1660 2015 1712 39.

620 1765 762 1800 nune
806 1749 1033 1819 primum
1075 1747 1165 1799 47.
1191 1744 1314 1798 120.
1340 1742 1462 1796 122.
1488 1742 1611 1796 124.
1670 1769 1812 1803 roma
1837 1753 2063 1805 abnuas
2089 1770 2249 1822 quun
2280 1753 2344 1805 8.

688 1842 808 1894 126.

617 1932 770 2002 (hue)
802 1934 1037 1984 venerim
1066 1927 1110 1979 D
1137 1929 1227 1982 89.

612 2040 818 2091 nequeo
845 2024 933 2076 65.

606 2113 912 2184 magnificae
939 2113 1094 2184 (que)
1126 2112 1192 2166 D.

608 2215 662 2257 et
688 2204 780 2257 ill·
807 2214 992 2274 queata
1028 2201 1094 2255 C.

610 2309 663 2350 et
690 2298 781 2349 illa
813 2314 914 2366 que
945 2296 1010 2348 ad
1040 2306 1167 2347 teet·
1196 2294 1236 2346 B
1268 2295 1329 2347 δ.

610 2399 663 2440 et
690 2387 964 2457 illaqueata
995 2406 1028 2435 α
1060 2405 1093 2450 y
1120 2384 1207 2439 10.

488 2513 503 2518 -
607 2480 803 2548 illaque
835 2481 932 2531 alta
961 2478 1049 2530 39.

604 2580 928 2639 contemptor
951 2568 1039 2620 1⁰.

604 2661 740 2714 nilus
767 2672 818 2713 et
845 2660 1087 2730 eurippm
1122 2659 1187 2709 V⁸

603 2753 703 2804 hoe
732 2752 906 2804 videat
930 2752 968 2802 B
993 2750 1036 2801 D
1066 2753 1111 2812 β
1142 2749 1230 2800 39.

599 2828 821 2895 i-rixetur
845 2843 932 2894 10.

607 2936 716 3007 (ut)
750 2947 810 2988 tu
837 2937 925 2989 10.

611 3026 729 3095 (de)
784 3028 896 3078 iure
939 3025 982 3077 l)
1031 3045 1058 3076 e
1092 3026 1177 3077 39.
1202 3024 1294 3079 ,47.
1322 3022 1443 3075 120.
1471 3022 1594 3075 122.

668 3119 790 3172 127.
820 3118 888 3172 V.

605 3212 673 3264 ‹le
732 3210 850 3279 lege
895 3218 948 3259 et
985 3207 1051 3258 de
1090 3205 1177 3257 his
1223 3204 1484 3257 disserena
1528 3205 1593 3256 ad

668 3313 901 3353 naturam
931 3298 1120 3349 referre
1148 3296 1234 3347 hit
1259 3298 1434 3346 omnia
1464 3295 1523 3346 δ.

598 3397 658 3468 in
688 3395 754 3444 iis
782 3393 909 3461 ipsis
936 3390 1090 3442 rebus
1117 3388 1156 3438 Β
1186 3387 1272 3439 53.
1301 3388 1390 3441 96.

599 3488 645 3538 si
676 3485 765 3536 hie
796 3484 852 3534 in
888 3483 955 3532 iis
986 3481 1114 3549 ipsis
1142 3478 1204 3531 R.

602 3574 745 3646 (bia)
774 3574 861 3625 10.
889 3572 979 3629 39.

600 3667 665 3719 ad
691 3682 806 3718 rem
832 3664 1065 3733 quietem
1090 3661 1154 3713 1.

598 3759 837 3829 requiem
850 3756 1116 3823 animique
1129 3751 1523 3805 delectationem
1535 3770 1591 3806 α.

603 3852 837 3921 quietem
857 3866 890 3913 γ
908 3846 994 3897 39.
1008 3843 1096 3896 47.
1111 3843 1236 3895 tw.
1251 3842 1371 3894 122.
1387 3843 1508 3896 127.
1524 3842 1590 3896 V.

596 3942 836 4007 requiem
865 3957 890 3989 ε
922 3937 1010 3989 10.
1038 3934 1100 3989 R.

502 4035 519 4039 “
596 4052 681 4087 πει
709 4033 940 4101 quietem
970 4028 1058 4081 66.

599 4142 758 4197 quare
786 4119 1039 4175 imitabar
1066 4119 1129 4171 Ε.

598 4230 712 4272 ante
747 4233 806 4270 ea
838 4211 1063 4268 mirabar
1094 4229 1151 4262 α.

1666 1861 1923 1913 nusquam
1950 1844 2039 1897 10.

1667 1952 2020 2005 uaquaequam
2048 1935 2135 1987 39.

1664 2043 1989 2095 usquequam
2017 2045 2072 2091 y.

2109 2163 2141 2230 §
2178 2165 2232 2217 3.

1664 2296 1814 2363 (lieet
1840 2325 1912 2338 —
1941 2297 2265 2369 repudi-ue)
2297 2305 2362 2365 β.

1658 2403 1779 2440 eum
1801 2388 1899 2440 hoe
1926 2388 2092 2459 pluria
2120 2390 2211 2443 39.

1658 2480 1888 2532 abessem
1919 2480 1979 2533 B.

1654 2569 1755 2622 hoe
1783 2573 1907 2621 anni
1941 2580 2172 2641 tempore
2208 2572 2297 2626 96.

1654 2660 1753 2713 hoe
1783 2673 2014 2731 tempore
2041 2680 2162 2714 eum
2192 2672 2243 2714 et
2277 2663 2361 2716 10.

1654 2754 2018 2806 amoenitatem
2047 2753 2181 2804 hane
2210 2763 2262 2805 et
2292 2754 2644 2807 salubritatem

1607 2898 1610 2901 ,
1693 2845 1857 2897 ”hane
1885 2846 1930 2897 A
1957 2842 2015 2897 B.

1657 2934 1842 3005 (hane)
1890 2948 1941 2989 et
1978 2937 2328 2990 salubritatem
2357 2937 2492 2991 hane
2527 2937 2570 2991 G
2601 2938 2645 2991 D

1724 3045 1760 3076 α
1791 3028 1832 3076 δ
1861 3027 1949 3079 10.
1980 3028 2067 3081 39.
2095 3028 2181 3079 47.
2209 3028 2295 3080 48.
2312 3030 2400 3082 58.
2418 3030 2642 3082 96.120.

1718 3117 1840 3170 122.
1869 3117 1991 3169 124.
2022 3116 2143 3168 126.
2175 3117 2295 3169 127.
2324 3118 2368 3171 R
2398 3117 2464 3169 V.

1650 3208 1786 3260 bane
1818 3207 2168 3259 salubritatem
2197 3207 2332 3258 hane
2361 3207 2425 3260 Ε.

1650 3300 1902 3352 nimirum
1932 3315 2142 3367 quoque
2168 3314 2256 3351 me
2283 3298 2384 3350 alia
2412 3315 2562 3351 eausa
2579 3296 2647 3351 D.

1650 3406 1785 3457 quae
1813 3406 1899 3441 me
1927 3389 2014 3442 65.

1651 3481 1858 3551 attingit
1888 3481 2060 3549 itaque
2094 3480 2304 3532 tandem
2337 3481 2425 3534 11.
2454 3480 2541 3533 66.

1652 3582 1705 3623 et
1736 3589 1866 3641 quae
1902 3569 2162 3640 (tandem)
2200 3573 2295 3624 iata
2326 3581 2403 3624 eet
2431 3588 2491 3623 ea
2520 3570 2611 3623 10.

1650 3680 1800 3715 eausa
1833 3664 1930 3715 iata
1958 3661 2026 3714 D.

1651 3755 1819 3808 fratria
1845 3753 2009 3823 (mei)
2036 3752 2161 3805 122.

1647 3848 1807 3917 pau-tn
1833 3847 1941 3899 mei
1967 3863 2025 3910 γ.

1647 3938 1881 4007 germani
1910 3935 1954 3988 D
1991 3951 2048 3986 α.

1649 4028 1912 4098 germania
1945 4027 2035 4078 96.

1648 4119 1735 4169 hie
1767 4116 1963 4185 (enim)
1999 4116 2065 4169 Ι).

1649 4209 1773 4261 hine
1805 4208 1951 4271 enim
1982 4207 2023 4258 B
2056 4224 2089 4257 α
2121 4207 2159 4257 δ
2185 4207 2273 4261 96.
2302 4208 2423 4262 124.
2451 4207 2569 4260 126.
2622 4269 2627 4273 ,
