3131 5032
1366 481 1495 555 111

606 700 876 789 Quoue.
904 696 1020 765 uh.
1046 706 1401 782 quartum,
1427 695 1534 760 De
1558 693 1914 781 Universo,
1945 693 2167 768 Somn.
2198 696 2373 786 Scep.
2396 750 2412 780 ,

603 809 814 878 Aoad.
863 809 1132 898 Quaen.
1180 807 1296 874 lib.
1328 811 1645 895 primum
1663 857 1681 888 ‚
1732 806 2064 898 adspersus
2095 809 2419 878 nonnullis

603 920 860 991 notulis.
919 921 1181 989 Constat
1202 917 1369 989 foliis
1394 922 1693 988 CLXXX:
1724 919 1854 988 fuit
1876 923 1966 990 Io.
1985 921 2213 990 Mariae
2235 924 2419 990 Cata-

605 1034 711 1104 nei
729 1087 748 1118 ,
783 1032 963 1103 euius
992 1047 1146 1102 sunt
1175 1046 1378 1102 notae
1395 1056 1595 1101 manu
1626 1033 1886 1125 propria
1920 1047 2241 1103 exaratae:
2270 1032 2424 1101 dein

604 1146 1036 1217 Bibliothecae
1045 1147 1332 1216 Ambroe.
1353 1146 1717 1217 fundatoris
1734 1147 1902 1216 iussu
1919 1162 2131 1217 emtus
2146 1173 2204 1218 a.
2226 1155 2255 1214 1
2266 1151 2420 1216 606.

459 1293 523 1349 7.
602 1264 667 1330 S.
701 1265 809 1331 64.
843 1263 913 1329 P.
945 1283 1085 1351 sup.
1119 1260 1682 1343 membranaceus,
1716 1260 1925 1330 forma
1956 1261 2266 1341 maxima,
2299 1283 2421 1329 seo.

488 3540 537 3581 ε.
623 3511 835 3582 Codex
876 3513 1000 3581 MS.
1040 3525 1137 3582 n⁰.
1180 3515 1381 3581 2906.
1471 3509 1672 3580 Huius
1707 3508 1855 3607 libri
1890 3509 2469 3604 diligentissimam·

629 3624 1038 3700 collationem
1084 3625 1293 3695 debeo
1340 3623 1563 3694 Bootio
1612 3646 1757 3694 meo
1774 3676 1792 3707 ‚
1853 3624 1990 3695 viro
2041 3624 2406 3697 doctissimo
2421 3677 2441 3708 ‚

632 3738 748 3830 qui
799 3762 1001 3830 quum
1054 3761 1227 3808 anno
1279 3742 1451 3807 1836
1493 3736 1738 3808 Parisiis
1768 3738 2035 3831 degeret
2070 3739 2193 3808 hoc
2228 3738 2445 3809 officio

632 3848 1084 3920 humanissime
1127 3849 1393 3918 functus
1435 3862 1562 3931 eat,
1607 3849 1723 3917 sed
1752 3847 2045 3918 constitit
2088 3849 2220 3918 eius
2252 3873 2445 3941 opera

634 3961 808 4031 intra
840 3963 972 4032 duo
1014 3961 1253 4054 priores
1291 3962 1506 4031 libros.
1598 3961 1742 4029 De
1721 3984 1857 4052 lpso
1890 3961 2057 4031 libro
2087 3961 2249 4029 nihil
2282 3961 2443 4030 mihi

637 4075 1052 4168 significavit,
1078 4075 1198 4143 nisi
1221 4074 1423 4145 videri
1444 4098 1596 4144 eum
1619 4098 1742 4144 see.
1768 4078 1933 4145 wi
1956 4075 2268 4166 scriptum
2285 4096 2443 4155 ense3

639 4187 825 4277 quod
870 4187 963 4258 ita
1007 4187 1378 4259 confirmari
1415 4201 1610 4279 puto,
1655 4186 1837 4279 quod
1876 4186 2114 4257 adsunt
2152 4207 2448 4277 persona-
