3131 5032
1096 472 1240 539 Lm.
1287 473 1347 557 1,
1408 475 1514 555 15,
1568 477 1673 541 43.
2235 477 2354 539 401

403 685 665 746 rationes
687 682 949 744 obstant:
980 681 1209 760 quippe
1240 700 1363 741 una
1390 699 1625 760 semper
1658 689 1748 740 est
1784 681 2004 741 utilitas
2032 690 2096 741 et
2124 679 2364 758 eadem,

405 803 531 848 non
577 787 694 847 alia
734 804 893 864 quae
932 783 1113 844 aliam
1150 783 1340 844 tollat.
1421 784 1491 844 Et
1524 785 1610 844 sic
1646 784 1916 862 loquitur
1952 784 1993 843 F
1997 785 2079 844 in.
2115 785 2212 861 11,
2253 785 2372 862 24,

405 889 512 952 78:
556 902 647 965 et,
699 890 758 948 si
805 888 1040 948 utilitas
1105 888 1439 946 amicitiam
1511 889 1822 946 constituet
1840 934 1858 964 ,
1915 888 2072 947 tollet
2137 889 2372 947 eadem:

408 992 540 1069 111,
579 992 694 1068 21,
736 990 847 1066 70,
889 991 1117 1050 eaedem
1167 993 1325 1050 enim
1381 992 1666 1050 utilitates
1691 1002 1967 1071 poterunt
1999 1014 2098 1052 eas
2134 990 2374 1070 (amici-

406 1096 556 1155 tiam
588 1103 692 1155 aut
726 1091 1036 1174 iustitiam)
1074 1095 1429 1166 labefactare
1464 1106 1637 1174 atque
1658 1106 1999 1174 pervertere.
2081 1095 2178 1155 Sic
2212 1094 2375 1156 offic.

411 1198 472 1258 II
487 1245 506 1276 ,
529 1200 632 1274 15,
662 1197 771 1276 52,
803 1199 1166 1279 benignitate
1197 1197 1535 1279 benignitas
1564 1199 1809 1259 tollitur.
1891 1196 2166 1258 Veterem
2196 1199 2380 1260 credo

285 1347 297 1355 .
409 1320 533 1361 esse
582 1301 1142 1379 interpolationem,
1184 1302 1290 1360 cui
1345 1309 1474 1360 tum
1524 1302 1631 1360 illa
1650 1347 1668 1376 ,
1709 1310 1838 1361 tum
1889 1304 2021 1382 ipsa
2052 1301 2379 1377 debeatur,

411 1413 699 1484 recteque
759 1412 1090 1483 utrumque
1141 1402 1337 1463 omitti
1391 1403 1458 1462 in
1510 1403 1748 1481 Lagom.
1805 1403 1922 1480 96,
1982 1403 2045 1463 id
2098 1413 2185 1463 est
2225 1404 2386 1465 libro

412 1507 580 1568 haud
620 1506 995 1586 spernendae
1027 1505 1414 1566 auctoritatis,

494 1609 538 1692 §
580 1610 678 1670 43.
761 1621 934 1689 atque
986 1612 1046 1668 ci
1092 1621 1307 1668 natura
1356 1643 1437 1655 —
1488 1607 1748 1691 tollatur)
1827 1609 2168 1670 Necessario
2215 1623 2388 1690 atque

413 1712 632 1789 scribi,
685 1731 809 1772 non
853 1713 1057 1791 atqui,
1109 1712 1276 1791 quod
1306 1711 1453 1771 boni
1485 1711 1631 1771 libri
1667 1712 1892 1771 habent
1908 1758 1926 1787 ,
1969 1711 2254 1772 viderunt
2289 1713 2386 1771 In-

414 1822 729 1894 terpretes:
793 1813 923 1876 scil,
974 1834 1193 1874 novam
1250 1815 1835 1893 argumentationem
1885 1817 2267 1895 apagogicam
2303 1816 2394 1875 in·

413 1917 617 1993 choat,
647 1929 983 1997 praeterea,
1026 1918 1084 1975 si
1117 1948 1215 1977 —.
1247 1947 1320 1962 --
1359 1918 1787 1996 Consti-matura
1815 1936 1926 1996 pro
1954 1921 2390 1999 confirmatum,

414 2028 588 2080 vetus
631 2019 924 2080 mendum
961 2018 1110 2096 fuit,
1152 2027 1353 2081 ortum
1386 2040 1462 2079 ex
1493 2020 1810 2081 oscitantia
1844 2020 2078 2081 librarii
2112 2022 2394 2100 praeced.

416 2123 696 2184 vocabuli
751 2104 1242 2183 tei-minationem
1294 2123 1601 2185 iterantis:
1646 2131 1890 2183 nactum
1932 2132 2021 2183 est
2060 2132 2264 2184 tamen
2293 2123 2393 2184 de·

416 2227 679 2287 sensores
706 2227 1105 2287 Goerenzium
1130 2234 1191 2285 et
1221 2227 1546 2302 Mosen-um,
1576 2227 1686 2305 qni
1716 2227 2019 2306 quomodo
2051 2227 2395 2306 intelligant

417 2339 694 2390 naturam
729 2331 1239 2411 confirmaturam,
1281 2350 1394 2389 nec
1422 2331 1544 2390 iam
1576 2330 1952 2391 confirmasse
1983 2331 2074 2391 ius
2085 2377 2103 2406 ,
2146 2330 2394 2392 difficile

416 2441 508 2492 est
542 2434 791 2512 assequi.
824 2463 905 2477 --
935 2433 1086 2493 Tum
1118 2434 1185 2492 in
1223 2433 1621 2493 deterioribus
1660 2432 1831 2492 libris
1871 2442 1959 2493 est
1995 2436 2241 2493 virtutes
2277 2456 2393 2494 om-

416 2557 520 2597 nes
552 2535 682 2620 (aut
717 2559 911 2597 omnes
946 2535 1214 2618 virtutes)
1250 2537 1545 2599 tollantur.
1627 2536 1787 2596 Fieri
1824 2545 2027 2597 tamen
2052 2558 2176 2597 non
2202 2547 2395 2616 potest

414 2649 488 2701 ut
535 2641 837 2721 scripserit
880 2642 963 2701 ita
1012 2640 1255 2715 Cicero,
1296 2640 1406 2720 qui
1450 2640 1517 2699 in
1565 2639 1841 2719 proxime
1876 2641 2266 2720 sequentibus
2296 2662 2394 2702 eas

420 2752 656 2804 tantum
708 2746 961 2805 virtutes
1011 2752 1338 2819 memoret,
1380 2764 1537 2822 quae
1579 2753 1776 2804 essent
1807 2764 1948 2803 cum
1982 2745 2210 2805 iustitia
2244 2766 2394 2806 con-

416 2847 695 2922 iunctae,
752 2867 954 2926 neque
1002 2856 1106 2907 aut
1159 2845 1577 2926 prudentiam,
1636 2855 1743 2907 aut
1786 2846 2243 2922 fortitudinem,
2284 2857 2391 2907 aut

419 2949 796 3010 modestiam.
888 2948 1250 3011 Prudentius
1282 2970 1458 3026 sane,
1502 2950 1568 3008 in
1601 2949 1786 3008 simili
1822 2969 2033 3026 causa,
2075 2952 2208 3011 aliis
2240 2950 2388 3011 locis

417 3053 714 3133 disputat:
753 3054 946 3113 veluti
980 3054 1110 3114 Nat.
1146 3054 1213 3115 Ι).
1248 3054 1311 3128 1,
1346 3054 1417 3128 2,
1453 3052 1525 3128 3,
1550 3054 1799 3114 sublatis
1825 3053 1976 3129 diis,
2018 3073 2116 3113 eas
2148 3062 2385 3115 tantum

415 3156 668 3218 virtutes
719 3158 879 3234 tolli,
921 3177 1078 3236 quae
1113 3165 1309 3217 essent
1337 3175 1478 3215 cum
1514 3156 1800 3235 opinione
1847 3155 2101 3217 deorum
2135 3159 2385 3217 coniun-

414 3268 566 3321 ctae.
651 3260 806 3319 flinc
851 3259 1154 3338 suspicor,
1207 3278 1399 3337 quum
1447 3258 1661 3336 optimi
1692 3257 1832 3316 libri
1874 3268 2120 3318 careant
2153 3258 2390 3320 duobus

415 3364 538 3424 illis
579 3363 920 3439 vocabulis,
967 3382 1176 3422 verum
1222 3361 1560 3420 subiectum
1606 3362 1776 3428 verbi
1812 3361 2052 3421 tollatur
2086 3361 2192 3421 diu
2231 3363 2389 3423 exci-

415 3467 601 3542 disse,
658 3476 721 3527 et
769 3467 928 3526 male
981 3466 1329 3545 suppletum
1380 3485 1529 3524 esse:
1591 3485 1732 3524 nam
1771 3473 2030 3545 ‘propter
2077 3468 2389 3545 sequentia

415 3588 658 3630 necesse
712 3579 800 3629 est
850 3569 1070 3644 fuisse,
1112 3568 1416 3629 vinculum
1457 3570 1796 3643 societatis,
1836 3576 1944 3629 aut
1975 3569 2174 3629 simile
2204 3570 2390 3649 quid,

417 3672 592 3731 cuius
631 3672 817 3732 verba
852 3679 1155 3750 praestare
1193 3692 1314 3732 non
1355 3671 1565 3731 ausim.

500 3794 640 3832 nam
689 3775 831 3834 baec
882 3788 1209 3835 nasctmtur
1255 3795 1328 3834 ea·
1377 3795 1443 3834 eo
1460 3819 1479 3850 ,
1538 3774 1696 3853 quod
1739 3785 1954 3834 natura
2000 3770 2108 3854 —)
2206 3775 2391 3836 Recte

418 3877 593 3952 baec,
638 3877 786 3959 (non
843 3877 976 3959 bae)
1028 3898 1396 3957 quamquam
1461 3877 1539 3939 ad
1606 3879 1739 3939 illas
1800 3879 2052 3938 virtutes
2108 3878 2393 3940 refertur.

417 3980 633 4059 ltaque
663 3999 790 4038 non
825 3978 1268 4058 spernendum,
1310 3980 1476 4059 quod
1521 3980 1705 4040 habet
1739 3981 1860 4041 Erl.
1889 3982 1953 4039 in
1986 3981 2114 4039 Pin.
2151 3981 2280 4056 111,
2323 3981 2363 4042 9
2374 4029 2392 4058 ,

419 4083 537 4159 30,
597 4104 747 4165 quac
795 4081 931 4165 (pro
985 4105 1162 4163 quas,
1218 4103 1299 4144 sc.
1364 4083 1713 4163 sententias)
1771 4104 2127 4163 quamquam
2177 4085 2390 4144 vitiose

419 4189 662 4265 quidam
692 4190 883 4249 secuti
915 4198 1089 4248 sunt.-
1124 4186 1278 4247 sicut
1306 4186 1453 4250 ibid.
1497 4187 1562 4246 ll
1584 4234 1602 4263 ,
1635 4186 1753 4263 39,
1779 4188 2095 4248 stultitiam
2130 4199 2185 4247 et
2217 4189 2386 4247 timi·

2042 4290 2123 4350 26
