3131 5032
846 414 975 481 470
1482 425 1487 432 ·
1557 411 1702 479 Lm.
1749 412 1849 496 u,
1897 417 1972 495 3,
2019 415 2083 479 6.

840 618 1030 693 XXX,
1085 617 1195 695 45,
1254 615 1326 695 7,
1382 627 1648 698 eoepeum
1694 617 1771 677 ab
1821 610 2625 697 mmtim'sdmils'ori:
2678 618 2822 680 lune

838 720 1009 800 quod
1058 719 1266 780 Cioero
1310 720 1377 779 in
1426 719 1747 780 nauffinna
1795 719 2180 799 compressit,
2220 719 2376 781 feeit
2411 737 2500 780 ne
2538 717 2819 782 invidiam

839 823 1196 884 aooenderet
1234 841 1573 903 causaeque
1604 830 1871 883 nooeret.
1949 822 2102 882 Tum
2133 822 2414 884 solebant
2448 825 2603 886 talia
2630 845 2665 884 a
2691 824 2821 886 iouis

832 924 1210 986 ,militaribus
1241 926 1417 985 oriri:
1459 926 1621 987 eous.
1651 925 1730 987 ad
1763 925 2004 986 Livium
2040 925 2121 1000 V,
2164 925 2274 1002 49,
2314 926 2386 988 7.

909 1032 1118 1110 posuit
1156 1030 1225 1087 in
1259 1027 1519 1109 iudicio)
1612 1030 1843 1089 Ponere
1882 1029 1925 1088 i.
1962 1026 2259 1089 affinuare
2277 1075 2296 1106 ,
2338 1029 2438 1089 sio
2464 1038 2560 1090 est
2592 1026 2814 1105 Oratl,

839 1132 960 1208 15,
1000 1133 1101 1193 65.
1142 1131 1239 1206 11,
1282 1131 1393 1207 53,
1434 1131 1574 1192 214.
1613 1131 1782 1192 Brut.
1816 1131 1916 1193 80.
1950 1130 2091 1194 277.
2132 1131 2338 1194 Plano.
2375 1132 2499 1208 29,
2543 1132 2644 1194 71.
2672 1127 2811 1193 Coel.

841 1235 913 1310 7,
961 1235 1054 1296 15.
1095 1235 1223 1294 Fin.
1258 1233 1356 1310 11,
1402 1234 1509 1311 10,
1552 1233 1653 1296 31.
1695 1233 1813 1311 26,
1851 1232 1954 1296 83.
2036 1233 2188 1296 Hine
2219 1235 2522 1297 Ernestus
2557 1236 2812 1295 inTaeit.

841 1336 1060 1397 Annal.
1098 1337 1213 1413 vl,
1255 1333 1365 1414 27,
1408 1336 1681 1397 defendit
1722 1334 2029 1398 collocavi.
2112 1338 2286 1398 Poto
2319 1335 2514 1416 iungi
2549 1357 2686 1398 eum
2714 1336 2810 1395 Iu-

838 1438 1108 1515 finitivo,
1146 1459 1326 1519 supra
1360 1439 1564 1500 notavi
1600 1460 1662 1519 p.
1696 1438 1848 1516 325,
1889 1458 2092 1519 neque
2125 1440 2331 1500 abesse
2375 1440 2567 1501 Infin.
2605 1447 2810 1520 potest,

836 1544 956 1603 nisi
992 1542 1098 1603 ubi
1128 1543 1374 1622 proprie
1408 1545 1693 1604 collocare
1725 1543 1838 1620 sit,
1883 1544 2041 1604 sicut
2079 1542 2246 1605 ruso.
2284 1541 2350 1621 1,
2403 1544 2526 1622 10,
2566 1544 2680 1619 20,
2717 1542 2808 1602 ubi

840 1665 951 1726 per
1000 1644 1464 1706 similitudinem
1513 1645 1807 1726 loquitur.
1859 1679 1943 1697 --
1991 1646 2076 1707 In
2125 1647 2365 1708 iudicio
2384 1695 2406 1725 ‚
2450 1646 2622 1729 quod
2653 1664 2810 1725 saepe

841 1748 1177 1825 omittitur,
1216 1767 1677 1829 nonnumquam
1710 1749 1882 1810 velut
1916 1768 1991 1809 ex
2017 1748 2396 1813 abundantia
2432 1750 2713 1826 additur,
2747 1755 2808 1809 ut

838 1852 918 1912 ad
956 1852 1087 1912 Div.
1122 1853 1189 1928 1,
1232 1852 1310 1928 9,
1355 1852 1463 1929 19,
1503 1851 1668 1913 med.
1706 1851 1874 1913 Brut.
1911 1851 2025 1928 60,
2065 1851 2208 1914 217.

908 1976 1024 2036 pro
1060 1954 1306 2037 Ambio)
1384 1956 1643 2016 Tantum
1686 1956 2036 2016 tribuerunt
2068 1956 2356 2036 plerique
2403 1956 2671 2018 editores
2697 1953 2803 2014 lla-

838 2057 1050 2135 nutio‚
1107 2066 1214 2134 ut,
1272 2077 1464 2138 quum
1516 2059 1621 2118 hie
1667 2057 2010 2119 affirmasset
2057 2060 2145 2119 sio
2192 2067 2432 2122 exstare
2482 2061 2552 2120 in
2600 2053 2802 2117 maffia

835 2160 1032 2235 libro,
1071 2179 1259 2238 quem
1297 2177 1477 2220 nemo
1511 2167 1645 2239 post
1681 2158 1930 2219 videtur
1969 2161 2315 2241 inspexisse,
2363 2161 2652 2222 omnibus
2681 2156 2800 2218 reli·

840 2262 978 2342 quis
1021 2262 1194 2322 libris
1226 2262 1671 2341 refragantibus
1707 2263 2051 2342 reciperent
2078 2286 2189 2345 pru
2219 2264 2441 2327 Balbo.
2526 2263 2641 2324 Pro
2664 2261 2796 2335 hoo,

839 2365 1160 2444 inquiunt,
1187 2372 1417 2425 constat
1444 2364 1874 2446 etPompeium
1906 2374 1970 2426 et
1984 2365 2335 2428 Ciceronem
2365 2367 2610 2427 dixisse.
2660 2365 2797 2424 Nun

838 2470 1044 2532 minus
1097 2478 1329 2531 constat
1384 2468 1529 2530 alias
1577 2488 1824 2552 quoque
1876 2489 2082 2532 eausas
2116 2471 2194 2532 ab
2226 2469 2449 2535 iisdem
2481 2470 2660 2533 simul
2691 2483 2796 2529 em

842 2572 1159 2635 defensas?
1215 2572 1493 2634 Dubitari
1543 2581 1740 2654 potest
1790 2592 2038 2654 quoque
2087 2593 2194 2651 an,
2243 2577 2411 2636 sieut
2456 2596 2493 2637 a
2535 2574 2796 2635 Cieeroue

842 2678 981 2738 iure
1015 2676 1334 2756 Pompeius
1365 2676 1431 2737 in
1466 2678 1576 2739 ina
1610 2697 1789 2738 eausa
1824 2678 1945 2738 fuit
1979 2677 2284 2754 laudatus,
2323 2689 2455 2741 tam
2481 2683 2792 2759 opportuno

847 2780 926 2841 ab
976 2780 1097 2841 hoe
1147 2780 1313 2839 illius
1377 2779 1588 2841 laudes
1637 2782 2099 2842 eommemorari
2146 2785 2480 2862 potuerint.
2575 2781 2791 2841 Temere

843 2885 1035 2963 igitur
1064 2885 1325 2945 Orellius
1356 2884 1423 2944 in
1439 2884 1816 2946 Onomastioo
1852 2885 2020 2945 hune
2046 2884 2250 2945 locum
2279 2884 2355 2945 ad
2383 2887 2449 2947 L.
2468 2880 2788 2945 Cornelium

842 2989 1097 3049 Balbum
1151 2989 1355 3050 refert.
1453 2987 1692 3049 Praesto
1744 2996 1874 3048 erat
1915 2988 2026 3068 qui
2077 2988 2505 3049 restitueretur
2537 2983 2786 3062 Ampius,

843 3091 930 3175 (Τ.
974 3092 1226 3173 Ampius
1270 3090 1546 3172 Balbus),
1600 3092 1774 3151 cuius
1820 3091 2172 3152 memoriam
2203 3099 2336 3170 post
2371 3089 2694 3151 manutium
2720 3076 2785 3140 ad

846 3196 993 3275 Epp.
1048 3196 1126 3256 ad
1179 3196 1311 3257 niv.
1362 3196 1430 3272 Ι,
1488 3192 1563 3271 3,
1619 3202 1681 3255 et
1730 3193 2123 3254 Garatonium
2170 3193 2249 3254 ad
2290 3193 2497 3255 Plane.
2544 3191 2650 3264 10,
2687 3186 2783 3257 25,

846 3307 1124 3360 accurate
1155 3299 1510 3358 instauravit
1538 3297 1845 3377 Spalding.
1885 3297 1964 3357 ad
1997 3296 2388 3371 Quinctilian.
2427 3297 2549 3373 111,
2589 3293 2650 3367 8,
2688 3285 2781 3359 50»

846 3404 1082 3482 quique
1147 3403 1500 3482 utriusque,
1571 3401 1841 3479 Pompeii
1897 3410 1959 3460 et
2012 3400 2343 3468 Ciceronis,
2407 3394 2783 3461 familiaritate

849 3504 1153 3563 utebatur.
1234 3501 1350 3562 Sed
1399 3501 1735 3579 Manutius,
1775 3503 1948 3582 quasi
1983 3501 2236 3562 infestus
2268 3511 2419 3563 esset
2456 3497 2696 3577 Ampio,
2729 3488 2782 3547 5¹¹

853 3605 1099 3665 Caesare
1145 3624 1392 3683 quoque
1441 3605 1506 3665 Β.
1551 3604 1615 3665 C.
1665 3605 1793 3681 111,
1856 3605 2004 3682 105,
2058 3626 2134 3666 ex
2181 3626 2306 3667 uno
2348 3606 2489 3667 eod.
2537 3596 2782 3678 Tampt’v

850 3708 1147 3781 malebat,
1165 3725 1347 3785 quam
1378 3708 1442 3766 T.
1464 3709 1723 3787 Ampius
1751 3708 1955 3787 legere
1978 3708 2162 3792 (sieut
2191 3710 2508 3789 aliquoties
2525 3707 2591 3766 L.
2609 3699 2783 3761 Aeli¹¹⁸

856 3812 919 3871 in
976 3812 1219 3872 Laelius
1270 3810 1481 3870 abiisse
1524 3809 1804 3891 constat),
1866 3832 2114 3892 »quum
2157 3812 2538 3892 Tampiorum
2571 3813 2779 3886 quoqtffl

859 3914 1200 3975 »familiam
1233 3910 1457 3972 Romae
1492 3912 1715 3985 fuisse”
1754 3913 2009 3975 videret.
2093 3916 2214 3975 Hoc
2245 3913 2634 3994 Glandorpius
2656 3905 2779 3965 0¹¹⁰·

856 4028 1027 4079 mast.
1054 4038 1115 4098 p.
1135 4015 1233 4078 51.
1251 4017 1309 4077 b.
1341 4036 1562 4096 parum
1592 4026 1873 4078 accurate
1899 4038 1974 4078 ex
2005 4018 2271 4080 Manutio
2299 4019 2509 4092 refert,
2533 4012 2639 4074 nisi
2653 4008 2778 4067 1'01·to

856 4124 1053 4185 editor
1082 4120 1435 4200 Glandorpii
1470 4141 1714 4182 manum
1744 4121 2048 4200 eorrupit:
2081 4142 2223 4184 vere
2251 4124 2413 4185 enim
2441 4124 2554 4183 hoc
2576 4115 2779 4177 dioelffl'
