3131 5032
765 430 900 496 554
1436 422 1581 489 Lm.
1614 419 1721 504 ιι,
1768 420 1888 503 20,
1936 423 2043 485 50.

759 640 970 693 notare
1012 629 1284 710 neglexi:
1328 625 1801 705 intelligendum
1834 625 2060 685 iterum
2092 641 2169 683 ex
2199 621 2515 687 antecedd.
2534 667 2554 701 ,
2594 646 2724 685 m-

754 736 939 795 iorem
966 745 1201 815 panem
1229 733 1543 813 pecuniae.

834 837 879 920 §
919 836 1021 898 50.
1087 835 1401 918 pontifices
1424 834 1689 916 pecunia
1715 851 1885 892 soem
1911 831 2201 913 coniungi
2228 828 2454 913 volunt)
2531 830 2717 893 lnior

750 961 890 1022 pare
942 940 1237 1001 librorum
1288 939 1419 999 sere
1469 936 1829 1017 pontificum
1872 935 2189 1016 pecuniam
2252 931 2385 1015 (aut
2430 933 2713 1016 pecunia)

748 1064 917 1105 cnoro
951 1044 1083 1126 (aut
1114 1030 1330 1122 saera).
1413 1041 1654 1114 Sacris,
1694 1045 1767 1098 ιιι
1797 1036 1981 1115 vulgo
2011 1035 2244 1113 editur,
2283 1038 2711 1099 recentissime-

748 1166 890 1208 rum
941 1146 1184 1207 videtur
1227 1163 1350 1206 esse
1399 1142 1714 1205 correctio.
1808 1140 1925 1201 Sed
1976 1139 2307 1219 Madvigius
2344 1140 2707 1221 Pregramm.

745 1267 809 1331 p.
844 1249 956 1327 23,
985 1249 1342 1331 pontificum
1374 1245 1800 1325 corrigendum
1832 1263 1954 1304 enee
1981 1242 2273 1323 significat
2306 1244 2371 1303 in
2402 1245 2708 1324 pontifices

747 1373 921 1413 cum:
961 1371 1085 1411 non
1121 1350 1317 1410 male:
1360 1349 1514 1411 mihi
1548 1356 1778 1422 tamen,
1821 1354 1891 1406 ut
1925 1365 2069 1408 vere
2095 1345 2326 1421 dicam,
2356 1346 2704 1426 pontificum

748 1456 980 1516 mentio
1046 1455 1194 1515 hinc
1257 1453 1458 1513 aliena
1512 1471 1638 1512 ease
1694 1449 1969 1510 videtur:
2030 1447 2211 1510 modo
2260 1449 2426 1509 enim
2476 1447 2706 1508 dixerat

739 1560 1088 1641 pontificem
1119 1576 1461 1637 aequamur.-
1502 1563 1567 1616 et
1596 1554 1734 1614 satis
1766 1572 1945 1631 supra
1973 1551 2410 1630 significaverat
2432 1552 2707 1611 univerae

745 1662 1168 1724 Scaevolarum
1215 1661 1551 1721 doctrinam
1604 1678 1640 1719 a
1690 1676 1754 1717 ee
1805 1657 2080 1736 proponi.
2170 1656 2369 1729 Quare
2401 1653 2705 1729 existimo,

745 1766 950 1827 deleto
985 1766 1306 1848 pontifices
1320 1810 1338 1840 ,
1395 1760 1728 1842 legendum
1774 1779 1900 1819 eme
1947 1759 2104 1839 quod
2146 1779 2279 1818 cum
2318 1761 2579 1839 pecunia
2604 1779 2705 1818 ει-

744 1891 868 1933 m.
919 1903 1002 1917 —
1055 1871 1315 1944 Iisdem,
1375 1869 1419 1929 i.
1463 1887 1517 1928 e.
1560 1865 1670 1945 qui
1715 1862 2038 1942 pecuniam
2076 1869 2395 1940 caperent,
2451 1869 2521 1921 ιιι
2553 1861 2705 1923 bene

745 1974 904 2033 vidit
966 1971 1485 2053 Wyttenbachins.
1582 1967 1818 2029 Similia
1883 1985 2028 2026 enm
2100 1964 2441 2025 hereditate
2511 1963 2704 2025 Attico

742 2075 883 2135 iure
930 2074 1256 2134 coniuncta
1303 2078 1475 2132 erant
1525 2068 1623 2151 (ιιι
1674 2073 1745 2127 τοὶ
1785 2070 2162 2145 νομιζόμενα,
2208 2066 2507 2147 aliaque);
2547 2068 2700 2130 conf.

744 2177 1141 2237 Schoemann.
1190 2174 1269 2234 ad
1321 2174 1469 2233 leae.
1522 2171 1834 2252 Cleonym.
1880 2170 2089 2232 hered.
2135 2170 2178 2251 §
2218 2171 2313 2232 10.
2354 2189 2415 2250 p.
2455 2169 2599 2231 183:
2643 2177 2702 2230 et

744 2279 941 2340 Ciron.
980 2276 1194 2339 hered.
1234 2276 1278 2359 §
1316 2275 1417 2337 21.
1458 2294 1519 2354 p.
1561 2272 1703 2335 389.

823 2395 999 2463 atque
1047 2384 1228 2442 etiam
1280 2380 1425 2440 dant
1472 2380 1582 2438 hoc
1637 2375 1980 2458 Scaevolae)
2058 2376 2278 2438 Vitiosa
2317 2385 2475 2437 sunt.
2556 2377 2701 2436 Nam

744 2485 899 2568 quid
933 2486 994 2547 h.
1030 2484 1073 2547 l.
1104 2485 1275 2560 dare,
1313 2483 1355 2544 i.
1393 2503 1449 2544 e.
1475 2480 1852 2543 concedere?
1894 2480 2116 2558 Recte,
2157 2488 2228 2541 ιιι
2252 2479 2407 2541 mihi
2433 2480 2700 2555 videtur,

745 2591 928 2650 etiam
978 2587 1278 2648 omittitur
1332 2584 1401 2643 in
1454 2584 1639 2662 Copp.
1686 2581 1864 2643 vicu.
1898 2582 1958 2643 b.
1990 2583 2152 2662 apud
2184 2582 2475 2644 mosemm
2494 2627 2514 2658 ,
2551 2602 2704 2661 qnae

746 2712 890 2753 eum
942 2690 1183 2770 optimis
1230 2687 1573 2766 conspirare
1621 2685 1849 2746 solent:
1891 2706 2093 2766 neque
2129 2686 2491 2747 incrementi
2520 2686 2704 2764 signi-

747 2793 1028 2854 ficatione
1068 2791 1221 2851 haec
1272 2811 1439 2850 nunc
1490 2788 1801 2868 indigebat
1851 2790 2062 2851 oratio.
2142 2790 2338 2869 Igitur
2381 2789 2702 2868 legendum

749 2897 853 2960 Aa
909 2918 1060 2977 quae
1120 2895 1347 2956 addunt
1394 2894 1502 2954 hoc
1570 2894 1888 2954 Scaevolae
1905 2938 1924 2968 ,
1980 2892 2230 2973 (addunt
2284 2893 2559 2953 Lambini
2607 2892 2703 2951 in·

744 3007 999 3060 ventum
1048 3006 1137 3058 est
1156 2996 1199 3079 :)
1253 2996 1478 3076 quibus
1535 2994 1935 3073 significatur,
1993 2995 2144 3075 quid
2196 3016 2272 3056 ex
2321 2997 2474 3056 iuris
2516 2995 2704 3059 civilis

749 3099 981 3162 astutiis
1036 3097 1385 3158 addiderint
1437 3096 1514 3156 ad
1567 3097 1662 3155 ius
1714 3095 2125 3176 pontificium,
2181 3118 2308 3177 qno
2358 3098 2478 3158 hoc
2530 3097 2701 3158 tolle-

743 3210 948 3278 retur,
992 3210 1059 3261 nt
1093 3201 1248 3261 infra
1282 3199 1525 3260 dicitur.
1607 3197 1724 3259 Sed
1767 3200 1922 3260 mire
1950 3200 2148 3260 atatim
2173 3199 2520 3276 subiicitur,
2553 3199 2703 3280 quod

742 3319 830 3368 εει
869 3307 1155 3387 partitio,
1211 3305 1417 3383 itaque
1473 3303 1927 3378 distrahuntur,
1984 3324 2141 3384 quae
2195 3314 2359 3366 arcte
2417 3303 2700 3382 coniungi

742 3410 1054 3491 oportebat
1072 3454 1091 3481 ‚
1131 3408 1354 3468 addunt
1401 3407 1536 3482 hoc,
1592 3419 1660 3467 ιιι
1705 3440 1806 3468 -.
1866 3407 2060 3468 Credo
2104 3409 2533 3488 interpolatum
2581 3427 2700 3469 esee

747 3533 824 3573 ex
860 3511 903 3594 §
944 3511 1060 3588 53,
1100 3510 1273 3571 inim
1315 3530 1490 3585 nam,
1534 3510 1701 3589 quod
1745 3510 2013 3571 Davisius
2061 3512 2339 3590 corrigit,
2391 3534 2572 3592 quum
2619 3522 2701 3571 est

736 3616 1023 3695 partitio,
1063 3613 1384 3692 probatum
1415 3613 1712 3692 Madvigio
1742 3613 1786 3674 l.
1822 3633 1875 3674 c.
1893 3660 1912 3691 ,
1947 3616 2117 3695 qnasi
2152 3624 2301 3676 esset
2331 3636 2444 3696 pro
2476 3617 2542 3675 in
2576 3633 2702 3693 par·

745 3718 997 3791 titione,
1039 3723 1111 3775 ιιι
1144 3735 1284 3775 mox
1315 3719 1384 3774 in
1417 3716 1732 3777 donatione
1751 3763 1769 3793 ,
1809 3727 1869 3778 et
1900 3719 2009 3780 ieta
2044 3721 2205 3780 inter
2236 3741 2298 3780 se
2330 3738 2699 3800 opponeren-

749 3829 880 3896 tur,
913 3818 1315 3880 reiiciendum
1348 3840 1471 3880 esee
1499 3822 1744 3899 opinor:
1786 3843 1988 3902 neque
2023 3825 2188 3884 enim
2214 3826 2568 3905 partitioni,
2602 3819 2703 3882 sed

750 3935 1090 3987 testamento
1117 3923 1441 4002 opponitur
1468 3925 1729 3987 donacio.
1792 3926 1866 3985 ln
1886 3934 2237 3987 testamento
2263 3928 2310 3987 ei
2343 3947 2464 3988 non
2490 3925 2705 3987 adseri·

749 4039 925 4110 ptum
982 4036 1069 4089 est
1127 4029 1407 4105 deducta,
1465 4049 1592 4108 quo
1652 4029 1851 4089 minor
1914 4029 2017 4089 flat
2068 4032 2324 4110 pecunia
2386 4031 2704 4109 legatariO,

758 4142 992 4199 tamen,
1049 4132 1286 4211 inquit,
1327 4132 1505 4192 saeris
1553 4132 1893 4194 liberantur
1933 4133 2238 4211 legatarii,
2290 4137 2338 4194 si
2386 4135 2527 4214 ipsi,
2574 4135 2613 4195 i.
2650 4155 2705 4196 e.
