3131 5032
783 397 912 461 584
1474 387 1618 454 Lm.
1664 387 1793 472 111,
1842 392 1913 473 2,
1965 396 2029 455 4.

778 594 1086 668 Sehutzio,
1119 591 1290 651 libris
1316 597 1482 650 reete
1509 601 1568 650 ee
1592 590 2000 666 servantibus,
2029 598 2092 651 et
2105 590 2239 653 Nat.
2254 592 2323 653 Ι).
2339 592 2402 654 11
2418 637 2441 670 ,
2459 593 2539 654 52
2553 639 2574 670 ,
2596 594 2758 673 130,

773 698 842 756 in
891 694 1144 755 diversis
1193 694 1538 768 sententiis,
1600 693 1754 753 siout
1802 693 1867 754 h.
1921 693 2002 769 l.,
2046 695 2327 781 =reenrrit
2374 698 2574 757 stiam.
2656 697 2753 759 Ne

769 800 1031 861 umerus
1081 797 1335 877 quidem
1374 803 1551 855 aente
1591 797 1861 873 primum
1890 796 2172 857 coneedit
2204 809 2261 858 ee
2287 829 2372 843 —-
2403 801 2584 859 etiarn
2616 799 2747 860 dici

766 922 879 982 pro
911 902 1007 961 vel
1036 901 1180 961 adeo
1199 944 1217 975 ,
1261 906 1392 960 tum
1421 899 1582 959 hane
1616 899 1788 977 ponit
1822 898 2233 961 eonditionesn
2251 945 2274 978 ,
2314 901 2363 959 si
2398 913 2457 961 et
2489 902 2745 981 copula-

766 1005 894 1065 tive
943 988 1205 1063 dieitur:
1264 1002 1434 1080 atqui
1484 999 1572 1061 sio
1626 1000 1920 1061 evertitur
1983 1007 2173 1061 totum
2228 1001 2388 1062 illud
2409 1002 2741 1065 inventum

765 1106 846 1166 de
877 1117 935 1166 et
968 1138 1050 1151 -
1082 1107 1280 1164 etiam.
1364 1103 1590 1162 Verum
1625 1114 1682 1162 ee
1718 1122 1843 1181 qno
1881 1102 2086 1162 minus
2118 1120 2230 1181 pro
2263 1107 2447 1164 etiam
2477 1105 2740 1184 positum

761 1209 828 1270 h.
863 1209 906 1268 ι.
942 1207 1295 1285 probemus,
1326 1205 1454 1287 (eui
1486 1205 1708 1266 rationi
1744 1205 2107 1266 eximenda,
2131 1188 2299 1267 nm
2331 1214 2422 1267 αι
2456 1207 2625 1269 loom
2655 1209 2741 1270 «ι

760 1309 900 1370 niv.
934 1308 1114 1384 xm,
1156 1308 1274 1384 57,
1311 1307 1388 1383 2,
1430 1308 1567 1368 init.
1588 1353 1607 1383 ,
1666 1307 1777 1368 nbi
1823 1307 2156 1371 rectissime
2208 1309 2470 1370 Orellius
2515 1330 2737 1372 nonn-

759 1412 912 1472 dum
966 1409 1329 1471 Lambinum
1380 1408 1613 1485 edidit,
1674 1410 1742 1470 id
1776 1422 1830 1470 te
1864 1410 2001 1491 (pro
2038 1407 2120 1487 ee)
2151 1430 2313 1472 nune
2346 1414 2530 1475 etiam
2561 1424 2734 1491 atque

761 1517 946 1575 seiam
980 1534 1154 1595 rogo.-
1194 1512 1385 1592 idque
1423 1513 1688 1591 pertinet
1727 1512 1803 1571 ad
1847 1512 2236 1573 refutandum
2273 1514 2573 1574 {laudium
2593 1560 2612 1590 ,
2650 1515 2735 1576 de

760 1637 885 1696 quo
933 1616 1123 1676 verbo
1174 1614 1305 1674 dixi
1352 1634 1531 1693 snpra
1585 1614 1664 1673 ad
1707 1614 1805 1689 11,
1851 1614 1965 1691 16,
2007 1614 2079 1674 41
2112 1660 2129 1689 ,
2166 1614 2327 1696 init.)
2376 1615 2526 1677 faeit
2566 1617 2734 1696 qnod

758 1719 920 1779 nihil
970 1717 1316 1798 praeeedit,
1372 1718 1476 1777 cui
1536 1717 1688 1777 haee
1748 1716 1894 1777 addi
1955 1717 2278 1777 videantur
2334 1718 2466 1778 ullo
2514 1719 2731 1780 modo:

755 1822 1037 1883 universe
1086 1819 1237 1900 quid
1290 1818 1514 1879 deinde
1564 1818 1697 1879 fieri
1748 1819 2017 1897 eoeperit
2070 1818 2307 1879 dietum
2361 1829 2487 1896 est,
2548 1822 2732 1901 idque

750 1944 827 1987 ox
861 1924 1109 1983 historia
1162 1941 1330 1982 nuno
1375 1919 1769 1983 confirmatur
1800 1921 1968 1982 velut
2003 1921 2317 2005 exemplo:
2359 1941 2557 2002 eaque
2590 1943 2726 1984 oon-

749 2025 1114 2086 sideratione
1159 2024 1265 2083 illa
1317 2042 1565 2101 quoque
1618 2022 2034 2100 interpretatio
2085 2022 2435 2083 excluditur
2451 2069 2471 2100 ,
2510 2026 2562 2083 si
2594 2025 2734 2104 qnia

752 2138 809 2187 et
835 2124 1266 2204 exponendum
1287 2131 1561 2183 oenseret
1587 2132 1656 2182 ut
1682 2130 1835 2183 esset
1857 2144 1969 2202 pm
1996 2125 2124 2185 vel.-
2154 2125 2447 2204 quodque
2466 2126 2727 2187 flandins

752 2229 1151 2301 demonstrat,
1180 2224 1431 2287 Tursell.
1449 2224 1531 2284 11.
1563 2244 1625 2303 p.
1645 2224 1785 2286 512.
1814 2240 1905 2286 n0.
1935 2226 2004 2300 9,
2030 2226 2112 2286 de
2137 2239 2194 2287 et
2217 2236 2351 2306 post
2379 2229 2723 2305 relativum,

745 2333 830 2392 ita
882 2337 955 2390 ut
1005 2329 1107 2389 fiat
1158 2330 1338 2387 etiam
1358 2371 1377 2401 ,
1436 2346 1641 2405 neque
1687 2346 1798 2405 per
1832 2347 1896 2387 se
1931 2326 2178 2388 defendi
2217 2337 2448 2407 potest,
2487 2349 2683 2409 neque
2700 2375 2723 2404 ,

743 2452 1027 2512 praesens
1080 2430 1432 2508 exemplum
1483 2429 1785 2503 excitans,
1827 2431 1964 2489 satis
1994 2448 2204 2492 secum
2236 2432 2361 2509 ipse
2394 2432 2719 2507 consentit,

744 2554 941 2615 quum
989 2532 1173 2611 paulo
1220 2539 1385 2609 post,
1426 2550 1485 2608 p.
1529 2529 1649 2590 523
1686 2530 1950 2589 eundem
1986 2531 2191 2591 locum
2229 2535 2478 2612 apponit
2512 2543 2577 2592 nt
2608 2532 2719 2594 do-

741 2644 878 2697 oeat
911 2646 968 2695 se
998 2667 1080 2680 -—
1109 2636 1292 2692 etiam
1327 2651 1453 2693 esse
1476 2643 1784 2711 praeterea
1828 2652 2075 2711 quoque.
2156 2635 2532 2712 Quapropter
2564 2634 2716 2694 nihil

745 2744 964 2813 restat,
1022 2736 1139 2795 nisi
1188 2742 1259 2794 nt
1306 2746 1363 2794 et
1408 2733 1690 2794 eiiciatur
1707 2778 1727 2809 ,
1767 2752 1925 2811 qnae
1956 2735 2172 2812 copula
2205 2735 2551 2814 complures
2576 2736 2719 2796 alios

741 2842 906 2903 100oe
957 2837 1212 2899 vitiavit.
1293 2836 1445 2896 Nam
1500 2854 1714 2895 eorum
1761 2836 2033 2896 looomm
2065 2856 2321 2899 numero
2338 2883 2357 2913 ,
2400 2838 2469 2898 in
2498 2839 2715 2918 quibus

742 2955 800 3003 ot
831 2962 944 3019 pro
978 2944 1160 3001 etiam
1192 2939 1337 3018 poni
1370 2937 1680 3012 ereditur,
1720 2938 2169 2998 substrahamus
2207 2960 2400 2999 unum
2436 2941 2709 3000 alterum·

742 3064 885 3124 que.
968 3042 1230 3121 Philipp.
1278 3041 1359 3100 xl
1378 3086 1396 3115 ,
1438 3040 1475 3099 4
1494 3085 1513 3115 ,
1554 3040 1633 3114 9,
1672 3059 1747 3098 ex
1789 3060 1914 3100 uno
1946 3040 2092 3100 Cod.
2127 3040 2408 3101 Ernestus
2442 3042 2708 3103 ediderat

743 3159 802 3208 et
827 3146 1066 3227 quidem
1093 3156 1150 3204 et
1181 3165 1219 3203 a
1246 3142 1851 3223 Karthaginiensibus
1877 3142 2176 3222 Regulus:
2212 3144 2432 3203 merito
2457 3144 2705 3205 altorum

743 3262 801 3311 ee
854 3247 1211 3327 repudiatur
1276 3245 1355 3304 ab
1418 3243 1663 3304 Orellio.
1763 3244 1922 3303 Orat.
1987 3244 2098 3318 19,
2156 3245 2273 3319 62,
2330 3266 2501 3307 nune
2555 3254 2707 3308 recte

741 3351 946 3411 editur
977 3350 1207 3411 exstitit
1236 3360 1293 3408 et
1327 3349 1624 3408 suavitate
1652 3357 1711 3406 ee
1734 3348 2033 3426 gravitate
2050 3349 2333 3427 princepe
2351 3393 2370 3422 ,
2412 3350 2705 3427 plerisque

740 3450 927 3514 Codd.
962 3451 1146 3512 verba
1177 3461 1235 3509 et
1264 3451 1562 3509 suavitate
1589 3467 1733 3508 cnm
1761 3448 2092 3508 sententiae
2121 3449 2427 3529 morisque
2455 3450 2705 3512 Tulliani

740 3552 993 3612 interitu
1043 3550 1482 3611 omittentibus.
1564 3548 1730 3609 Offio.
1774 3550 1843 3624 1,
1902 3549 1980 3611 40
1999 3596 2018 3625 ‚
2074 3551 2191 3611 142
2211 3597 2229 3626 ,
2283 3552 2447 3614 med.
2485 3575 2618 3613 nam
2651 3564 2703 3613 et

740 3654 1003 3714 ordinem
1036 3685 1142 3727 —,
1178 3652 1405 3712 dicitur
1436 3653 1501 3710 in
1532 3653 1994 3713 enumeratione
2015 3672 2519 3732 synonymorum,
2547 3655 2704 3735 qnod

737 3756 959 3817 melius
1008 3755 1311 3835 perspexit
1347 3755 1709 3813 Goerenzius
1727 3799 1745 3827 ,
1781 3774 1967 3833 quam
1999 3755 2110 3833 qni
2143 3775 2287 3816 eum
2324 3759 2705 3836 reprehendit

734 3859 1000 3922 Beierus.
1080 3859 1239 3918 Sext.
1281 3854 1384 3931 18,
1415 3856 1525 3932 40,
1557 3875 1669 3934 pro
1703 3857 1807 3915 sed
1838 3878 2034 3917 eorum
2072 3860 2455 3921 taciturnitas
2473 3904 2492 3936 ,
2526 3862 2700 3922 Grae·

732 3964 868 4024 rins
904 3983 1015 4043 per
1047 3980 1315 4022 errorem
1349 3958 1622 4020 ediderat
1655 3960 1758 4019 sed
1791 3972 1847 4019 st
1881 3981 2098 4020 eonem.

809 4067 918 4146 qui
967 4085 1127 4128 nuno
1178 4059 1453 4144 regnant)
1548 4059 1961 4126 Referendum
2016 4063 2096 4127 ad
2146 4083 2336 4142 reges.
2438 4065 2590 4130 Nam
2633 4072 2696 4128 nt
