3131 5032
1112 570 1123 580 ‚
1190 490 1332 561 Lm.
1383 492 1474 580 11,
1518 493 1635 579 22,
1686 494 1790 560 57.
2341 503 2470 569 563

505 699 672 759 viora
721 697 952 776 imponi
999 694 1233 757 heredi.
1331 696 1632 758 Tractavit
1673 698 1841 760 hunc
1886 699 2092 760 locum
2139 700 2472 783 Madvig-ius

504 801 872 880 Programm.
906 820 967 880 p.
1006 799 1121 860 24:
1165 799 1272 878 qui
1305 801 1575 878 primum
1634 810 1795 862 recte
1837 803 1990 862 vidit
2027 816 2384 866 contractam
2419 819 2476 867 ct

506 905 869 964 servandum
903 923 1027 963 esse
1043 948 1062 979 ‚
1095 902 1261 982 quod
1298 903 1362 960 in
1395 903 1707 962 nonnullis
1740 905 1909 964 libris
1943 914 2295 984 corruptum
2330 917 2479 968 esset

507 1008 575 1068 in
631 1019 983 1083 contractet,
1036 1006 1135 1087 (ex
1186 1004 1567 1084 ignoratione
1619 1006 1802 1066 huius
1840 1008 2160 1067 locutionis
2194 1009 2372 1068 ssuxit
2416 1011 2484 1069 iu

509 1100 644 1170 aliis
674 1111 844 1169 libris
871 1110 1163 1171 correctio
1196 1119 1398 1170 contra
1431 1106 1677 1189 censeo.-
1721 1117 1853 1168 tum
1887 1110 2281 1187 reprehendit
2316 1112 2481 1171 Orel-

510 1213 694 1289 lium,
722 1213 830 1292 qui
848 1225 1086 1294 practer
1103 1212 1416 1293 piaculum
1447 1214 1717 1292 elferius
1741 1212 1907 1291 quod
1937 1214 2164 1272 dicitur
2199 1214 2261 1272 in
2293 1215 2484 1275 altera

509 1334 684 1375 causa
704 1362 723 1391 ,
774 1315 1138 1394 quaesierat,
1196 1313 1349 1393 quid
1405 1318 1703 1375 restaret?
1765 1324 1825 1374 et
1873 1317 2001 1395 ipse
2038 1324 2244 1395 putat,
2285 1318 2485 1376 ecdem

510 1438 706 1498 quum
760 1417 1022 1491 dicitur,
1080 1416 1299 1475 referri
1347 1416 1464 1475 hoc
1524 1416 1602 1474 ad
1654 1425 1849 1479 totum
1901 1418 2081 1477 Mucii
2134 1419 2486 1496 decretum,

499 1520 817 1601 familiam
857 1539 1071 1599 puram
1115 1540 1273 1592 esse,
1331 1518 1488 1598 quod
1537 1539 1601 1578 os
1649 1540 1770 1577 nou
1817 1531 2104 1595 exstaret,
2146 1533 2202 1580 ct
2241 1543 2484 1602 porcum

513 1632 874 1681 contractam
922 1640 1063 1680 esec.
1155 1620 1306 1680 Tum
1346 1619 1729 1680 commendat
1763 1621 1986 1681 Davisii
2020 1623 2371 1700 inventum,
2415 1635 2487 1685 ut

513 1724 753 1802 legatur
802 1734 858 1781 ce
895 1741 1081 1802 porco
1123 1724 1363 1802 femina
1401 1723 1734 1802 piundum;
1776 1736 1839 1784 ct
1874 1727 1932 1785 si
1968 1758 2066 1785 —.
2105 1725 2250 1785 Mihi
2287 1736 2488 1789 tamen

513 1828 670 1886 iusta
712 1824 957 1885 videtur
991 1844 1116 1884 esse
1148 1824 1361 1885 Orellii
1397 1824 1715 1887 dubitatio,
1797 1826 1973 1901 Nam,
2012 1828 2161 1906 quid
2196 1830 2366 1890 aliud
2400 1838 2489 1891 est

503 1929 855 2011 piaculum,
912 1928 1028 1987 nisi
1066 1948 1253 2007 porca
1291 1929 1637 1988 contracta?
1689 1930 1923 2008 Igitur,
1964 1951 2155 2009 quum
2199 1931 2265 1992 in
2302 1934 2492 1994 altero

514 2033 787 2108 dicatur,
846 2032 1046 2091 eadem
1090 2042 1325 2111 practer
1356 2033 1674 2111 piaculum
1725 2041 1781 2090 ee
1812 2034 2054 2111 ferias,
2106 2034 2263 2094 nihil
2314 2036 2493 2096 video

515 2136 822 2214 reliquum
849 2154 999 2194 esse:
1033 2133 1083 2192 si
1110 2134 1360 2214 quidem
1395 2134 1585 2208 illud,
1598 2136 1917 2214 familiam
1935 2156 2153 2215 puram
2181 2159 2330 2212 csse,
2365 2159 2489 2198 non

514 2239 779 2318 pertinet
830 2237 907 2297 ad
959 2237 1063 2296 illa
1119 2237 1398 2316 religiosa
1435 2236 1609 2311 iura,
1647 2255 1807 2315 quae
1834 2255 1977 2296 cum
2014 2238 2293 2316 sepulcro
2321 2247 2494 2299 erant

517 2338 876 2412 coniuncta,
932 2357 1048 2397 nce
1094 2340 1383 2418 cuiquam
1432 2337 1625 2398 officia
1659 2340 1889 2417 imponi
1915 2348 2193 2416 poterant
2221 2350 2495 2419 praeter-

521 2462 706 2522 quam
755 2439 1007 2515 heredi,
1066 2438 1145 2498 de
1179 2460 1304 2519 quo
1340 2459 1465 2498 uno
1508 2458 1704 2498 sermo
1738 2438 1921 2498 debet
1954 2460 2097 2500 esse.
2182 2441 2407 2518 Verba,
2440 2456 2498 2503 et

511 2565 696 2626 porco
727 2543 971 2627 femina
1008 2543 1322 2621 piaculum
1355 2542 1497 2621 pati
1532 2541 1699 2621 quod
1745 2543 1995 2620 corrigit
2026 2543 2327 2619 Davisius,
2371 2566 2497 2607 non

519 2648 770 2708 moleste
804 2646 966 2705 sero:
1010 2644 1115 2704 sed
1147 2664 1403 2724 quaere,
1441 2662 1632 2723 quum
1665 2645 1783 2703 iam
1812 2644 2043 2704 dictum
2078 2653 2224 2705 esset
2250 2668 2497 2726 porcam

520 2773 643 2811 esse
676 2760 1065 2824 contractam,
1107 2747 1259 2827 quid
1293 2745 1464 2806 aliud
1493 2747 1608 2806 sibi
1643 2746 1791 2805 velit
1808 2767 1992 2825 porca
2012 2750 2311 2827 piandum
2335 2751 2497 2810 csse?

523 2853 674 2912 Sunt
742 2853 924 2912 etiam
995 2850 1149 2909 aliae
1218 2849 1662 2932 dubitationes:
1724 2849 1912 2908 veluti
1933 2894 1951 2923 ,
2010 2852 2075 2907 in
2126 2855 2282 2910 mari
2342 2874 2501 2912 mor·—

524 2967 693 3015 euum
720 2975 842 3014 esse
874 2952 1192 3012 dicatur-ne
1223 2952 1304 3012 de
1335 2972 1443 3026 eo,
1476 2952 1584 3030 qui
1612 2971 1754 3012 casu
1789 2952 1855 3010 in
1891 2951 2044 3011 mari
2077 2954 2293 3030 periit:
2330 2963 2498 3030 tnm5

523 3055 705 3118 Mucii
758 3056 1107 3130 decretum,
1149 3054 1315 3133 quod
1344 3073 1694 3132 responsum
1732 3054 1853 3113 suit
1892 3055 2022 3115 sine
2058 3055 2246 3116 dubio
2278 3058 2345 3116 in
2382 3078 2504 3119 una

519 3157 999 3233 consultatione,
1058 3158 1263 3219 duone
1327 3176 1643 3217 causarum
1703 3176 1922 3235 genera
1989 3159 2337 3237 amplexum
2389 3161 2501 3238 sit,

519 3263 777 3323 alterum
828 3263 877 3320 si
928 3261 1066 3339 quis
1115 3260 1181 3319 in
1230 3260 1371 3319 navi
1409 3268 1659 3319 necatus
1694 3267 1823 3318 tum
1859 3259 1922 3318 in
1961 3280 2130 3320 mare
2157 3264 2495 3341 proiectus,

519 3364 778 3424 alterum
818 3362 868 3422 si
911 3363 1050 3441 quis
1090 3363 1153 3420 in
1191 3360 1343 3420 mari
1386 3369 1662 3419 mortuus
1695 3366 1877 3437 emet3
1922 3381 2114 3439 quum
2149 3366 2499 3440 praesertim

517 3465 586 3524 iu
640 3474 900 3544 utroque
957 3483 1207 3542 genere,
1277 3462 1491 3522 eadem
1551 3463 1708 3522 ratio
1769 3461 2171 3541 respondendi
2232 3465 2497 3542 valeret,

520 3567 678 3646 quod
724 3587 787 3625 cs
837 3587 1013 3646 supra
1072 3578 1284 3626 terram
1350 3585 1472 3624 nou
1524 3575 1793 3625 exstaret.
1896 3564 1968 3622 Ut
2023 3564 2207 3624 verbo
2260 3565 2497 3644 dicam,

520 3665 678 3725 mihi
711 3664 963 3744 quidem
1003 3664 1438 3744 insuperabiles
1476 3664 1665 3724 huius
1699 3663 1820 3725 loci
1851 3666 2195 3743 corrigendi
2232 3665 2498 3729 difficul—

522 3775 674 3828 tates
722 3785 848 3826 esse
896 3765 1214 3827 videntur:
1268 3775 1610 3846 praeterea,
1666 3788 1861 3847 quum
1909 3768 2090 3828 modo
2125 3770 2203 3829 ‹le
2234 3773 2500 3849 sepulcri

523 3870 821 3948 religione
853 3877 1054 3930 actum
1089 3877 1238 3928 emet
1259 3914 1275 3943 ,
1308 3869 1494 3945 haec,
1531 3890 1691 3949 quae
1721 3890 1832 3950 per
1864 3871 2030 3931 Coni.
2069 3874 2270 3952 itaque
2304 3874 2501 3934 subii-
2583 3881 2594 3889 ‘

521 3974 808 4049 ciuntur,
846 3971 1102 4033 minime
1142 3980 1343 4032 tamen
1376 3980 1515 4050 apte
1552 3991 1698 4033 cum
1730 3973 2140 4052 superioribus
2173 3975 2344 4055 iungi
2364 4000 2381 4054 5
2430 3987 2499 4038 ut

521 4071 802 4137 lacunam
843 4084 983 4136 ante
1022 4075 1173 4136 haec
1211 4095 1335 4135 esse
1373 4076 1659 4155 suspicer.

2096 4277 2175 4335 36
2195 4281 2221 4311 ¹*
