3131 5032
1164 457 1306 525 Lm.
1352 458 1421 542 1,
1470 462 1544 542 2,
1595 462 1654 526 6.
2257 466 2385 533 283

433 670 580 728 lime
610 668 679 725 in
708 666 1037 725 iucundius
1084 672 1436 744 corruptum
1488 664 1627 726 fuit.
1711 666 1993 728 Ieiuniue
2026 668 2076 727 N
2079 668 2398 731 iebuhrius

433 790 680 853 quoque
727 769 1006 849 probasse
1044 769 1324 845 videtur,
1364 767 1508 829 nist.
1540 768 1715 830 Rom.
1744 769 1796 830 I.
1826 790 1888 849 p.
1922 770 2064 834 278.
2101 772 2209 836 Ed.
2240 773 2394 835 3⁶⁸⁰.

432 875 550 936 Sed
597 874 889 954 agebatur
934 892 1102 933 nune
1155 872 1235 932 de
1272 871 1525 933 artifieio
1578 872 1863 934 historiae
1900 875 2255 937 scribendae
2270 923 2291 954 ,
2338 886 2401 937 et

431 998 616 1059 quam
650 977 809 1037 illud
849 983 999 1038 esset
1038 996 1261 1036 munus
1291 974 1644 1036 oratorium.

512 1082 622 1162 qui
662 1081 778 1140 tihi
810 1101 1035 1160 semper
1078 1082 1149 1139 in
1194 1100 1289 1138 ore
1335 1090 1423 1138 est
1439 1125 1458 1154 ‚
1503 1077 1803 1161 Catonem)
1881 1080 2126 1143 Nullam
2160 1083 2399 1144 Catonis

429 1183 725 1245 laudandi
757 1184 1268 1263 opportunitatem
1301 1180 1483 1242 facile
1506 1182 1931 1262 praetermittit
1963 1184 2194 1247 Cicero:
2236 1187 2396 1247 eonl‘.

431 1289 599 1349 Brut.
624 1287 718 1349 17.
736 1307 852 1367 σφε
882 1296 944 1347 et
975 1285 1368 1347 memorabile
1396 1292 1511 1362 est,
1541 1286 1608 1344 in
1627 1306 1702 1346 eo
1729 1286 1858 1365 ipso
1873 1307 2149 1348 sermone
2173 1290 2398 1369 pariter

432 1392 512 1452 de
552 1390 776 1450 Catone
814 1389 1085 1450 Atticum
1126 1387 1477 1465 dissentire,
1519 1387 1628 1463 85,
1672 1387 1814 1451 293.
1856 1410 1943 1469 sq.

509 1514 870 1574 quamquam
895 1527 974 1539 —-
994 1494 1138 1574 plus
1170 1493 1341 1553 habet
1368 1489 1619 1572 virium)
1695 1493 1930 1553 Habeat
1977 1503 2039 1554 et
2085 1494 2229 1555 Cod.
2266 1494 2397 1557 Par.

435 1597 479 1656 C
529 1596 973 1676 apudlloeer„
1031 1604 1094 1655 et
1143 1596 1383 1674 Lagom.
1440 1593 1546 1655 10:
1589 1614 1936 1674 perperam:
1996 1616 2200 1677 neque
2232 1599 2399 1658 enim

439 1699 813 1787 dubitanter,
863 1700 970 1760 sed
1009 1699 1258 1759 definite
1292 1720 1472 1759 suum
1509 1697 1812 1758 iudicium
1854 1699 2114 1776 explieat
2146 1700 2402 1762 Atticus.

515 1803 747 1863 Fannii
798 1813 994 1862 autem
1044 1812 1231 1861 aetate
1284 1802 1640 1861 coniunctus
1688 1799 2034 1882 Antipater)
2111 1802 2208 1862 Sic
2255 1802 2403 1862 libri

437 1912 812 1982 mter,
866 1905 985 1964 nisi
1029 1903 1196 1984 quod
1248 1904 1489 1982 Legem.
1545 1902 1678 1964 124.
1742 1902 1877 1965 126.
1932 1905 2205 1981 Fannio,
2244 1906 2403 1966 sieut

436 2009 624 2072 eain
657 2008 1052 2070 Turnebiana.
1110 2006 1462 2067 Ablativum
1492 2018 1683 2067 aetate
1717 2007 1819 2065 vix
1850 2006 2184 2067 defendere
2216 2008 2363 2067 lieet
2380 2054 2399 2083 ‚

435 2119 726 2193 reeteque
765 2112 1053 2172 videntur
1104 2109 1374 2171 Editores
1424 2110 1748 2170 mutavisse
1796 2109 1865 2167 in
1917 2109 2224 2170 dativum:
2284 2110 2402 2170 nisi

434 2214 589 2281 fuste
628 2226 821 2276 aetate
869 2216 1226 2275 coniunctus
1242 2259 1261 2289 ‚
1315 2221 1386 2273 ut
1431 2215 1700 2293 aequalis
1715 2258 1735 2289 ,
1775 2211 1917 2274 ideo
1951 2235 2095 2274 enm
2133 2215 2403 2294 genitivo

437 2316 733 2397 imgitur..

510 2421 718 2502 paullo
747 2420 995 2502 inflavit
1020 2414 1440 2496 vehementia-5)
1513 2416 1761 2477 Minime
1785 2418 2230 2480 cavillatorium
2256 2418 2397 2497 hoe,

443 2532 514 2585 nt
555 2522 798 2588 volebat
838 2522 1342 2604 wyttenbachius
1356 2566 1375 2597 ‚
1415 2521 1576 2580 sieut
1620 2541 1822 2600 neque
1854 2521 1922 2581 id
1954 2522 2122 2600 quod
2151 2524 2405 2584 subiici-

438 2636 571 2704 tur,
628 2628 948 2707 habuitque
1003 2629 1177 2687 vires.
1275 2624 1598 2704 Pei-peram
1647 2632 1855 2684 autem
1909 2625 2238 2686 Creuzerus
2284 2627 2403 2688 hoe

436 2728 745 2811 conponit
793 2748 938 2789 eum
986 2728 1060 2787 iis
1075 2772 1094 2803 ‚
1149 2746 1309 2807 quae
1357 2725 1437 2786 de
1485 2726 1840 2807 Thucydide
1884 2726 2179 2789 dicuntur
2212 2728 2404 2811 (canit

439 2832 859 2913 quodammodo
910 2826 1211 2909 bellicum)
1262 2829 1426 2889 Orat.
1463 2827 1576 2905 12,
1617 2828 1718 2890 39.
1799 2830 2015 2891 Veram
2045 2832 2401 2911 interpreta-

438 2935 672 2995 tionem
719 2932 876 2994 vidit
924 2934 1210 2994 Goerenz.
1266 2930 1638 2992 conferendo
1677 2931 1838 2992 Orat.
1870 2932 1973 3009 11,
2015 2932 2126 3008 12,
2167 2933 2246 2993 54
2264 2980 2283 3009 ‚
2324 2933 2404 2994 de

441 3016 670 3098 eedem
689 3035 1026 3116 Antipatro,
1060 3067 1145 3081 —
1172 3034 1260 3095 De
1294 3035 1396 3094 ille
1429 3035 1704 3114 quidem,
1744 3042 1876 3112 poet
1910 3034 2194 3096 Beierum
2228 3056 2403 3098 aecu-

439 3147 569 3201 rate
603 3138 850 3220 exponit
882 3135 1217 3215 Madvigius
1249 3137 1328 3196 ad
1366 3135 1493 3197 Fin.
1529 3134 1610 3195 lv
1631 3181 1650 3211 ‚
1693 3136 1799 3211 16,
1843 3135 1942 3198 43.

516 3242 824 3303 οδωωκη
887 3241 1144 3320 reliquos
1200 3237 1425 3321 potuit)
1519 3238 1862 3299 Deserendu
1928 3248 2018 3300 est
2086 3242 2405 3302 auotoritas

442 3346 621 3407 unius
644 3346 793 3407 libri
825 3369 891 3407 α.
937 3344 1005 3403 in
1037 3363 1163 3423 quo
1203 3352 1292 3403 est
1325 3344 1582 3423 reliquos
1615 3343 1957 3404 admoneret
1999 3362 2144 3405 nam
2174 3364 2299 3404 non
2335 3345 2403 3405 in

438 3453 682 3532 reliquis
733 3448 1064 3509 sententiae
1102 3446 1340 3526 pondus
1371 3454 1495 3522 est,
1536 3446 1644 3507 sed
1676 3448 1795 3509 hoe
1828 3446 2086 3507 dieitur:
2130 3472 2162 3505 »
2181 3447 2230 3506 si
2260 3468 2405 3528 per-

440 3579 471 3613 »
487 3553 719 3615 fectum
768 3551 1121 3631 exemplum
1164 3549 1482 3628 Antipater
1522 3570 1648 3610 non
1693 3550 1813 3610 suit
1853 3550 2021 3630 quod
2052 3551 2279 3631 reliqui
2319 3573 2406 3613 se·

442 3681 474 3715 »ι
491 3663 856 3735 querentur,
889 3663 1095 3715 tamen
1130 3653 1382 3713 excitari
1408 3653 1486 3712 ab
1519 3671 1593 3713 eo
1622 3652 1919 3714 industria
1945 3674 2158 3714 eorum
2184 3657 2407 3734 potuis·

442 3784 474 3818 n
493 3766 583 3818 eet
602 3803 620 3833 ,
673 3766 746 3817 ut
792 3756 936 3818 novi
981 3757 1132 3837 quid
1165 3756 1521 3818 auderent.''
1604 3757 1757 3817 Tum
1788 3756 2091 3835 elegantia
2120 3756 2409 3821 dictionis

440 3859 738 3922 notanda:
775 3880 977 3939 neque
1009 3861 1174 3920 enim
1200 3860 1568 3939 intelligitur
1601 3860 1696 3937 id,
1732 3860 1898 3940 quod
1931 3861 2059 3938 ipse
2090 3862 2407 3940 Antipater

438 3964 688 4040 feeerit,
730 3971 836 4024 ant
868 3963 1066 4025 faeere
1097 3963 1412 4041 debuerit,
1453 3963 1559 4024 sed
1589 3963 1758 4044 quod
1793 3963 1872 4024 ab
1906 3964 2039 4023 aliis
2054 4008 2073 4037 ‚
2112 3964 2223 4041 qui
2258 3983 2403 4024 eum

438 4069 828 4128 intuerentur
844 4114 863 4144 ‚
921 4068 1386 4146 exspectandum
1440 4067 1647 4128 fuerit.
1727 4067 2014 4146 Exempla
2058 4065 2209 4125 haee
2248 4067 2404 4127 sint:

441 4171 614 4236 lione.
650 4171 858 4234 Amet.
903 4169 1020 4248 25,
1060 4170 1175 4248 70,
1216 4171 1295 4232 de
1328 4171 1580 4246 Solone,
1619 4170 1729 4248 qui
1761 4170 2005 4230 nullum
2037 4169 2406 4250 supplicium
