3131 5032
1152 453 1298 523 Lm.
1343 454 1406 543 1,
1459 457 1569 542 18,
1618 457 1727 522 48.
2292 461 2418 527 413

1170 680 1444 749 CAPUT
1483 681 1719 750 XVIII.

543 868 587 952 §
630 868 730 931 48.
815 867 1129 947 Sequitur,
1181 879 1250 927 ut
1282 870 1561 930 com-lma
1592 870 1746 932 mihi
1778 872 1902 932 iam
1942 872 2085 934 Isaeo
2123 874 2207 933 ait
2240 877 2432 936 omnio

464 976 656 1035 oratio
704 969 811 1054 —)
906 970 981 1030 In
1032 990 1106 1031 eo
1159 981 1516 1032 erraverunt
1565 974 1871 1035 novissimi
1921 976 2209 1052 editores,
2267 979 2435 1057 quod

465 1078 653 1139 verbo
712 1077 981 1156 sequitur
1049 1076 1539 1155 consequentiam
1597 1097 1674 1136 ex
1732 1078 2047 1140 antecedd.
2108 1081 2434 1159 significari

462 1186 850 1259 putaverunt.
949 1177 1117 1236 Nihil
1165 1177 1335 1236 aliud
1387 1179 1693 1239 indicatur
1710 1224 1728 1255 ‚
1782 1179 1898 1239 nisi
1933 1201 2151 1242 novam
2186 1183 2434 1246 demon·

461 1283 811 1343 strationem
856 1279 1089 1341 institui
1102 1304 1120 1358 ;
1173 1279 1355 1362 (sieut
1398 1281 1538 1360 Cap.
1595 1282 1690 1342 12.
1741 1283 1888 1359 init,
1938 1292 1998 1342 et
2029 1286 2308 1365 saepe‘in
2336 1287 2435 1346 his

460 1384 657 1467 libris)
709 1391 774 1444 et
823 1383 979 1443 haee
1025 1391 1115 1442 eet
1162 1381 1272 1443 illa
1316 1384 1497 1443 serice
1532 1405 1726 1445 rerum
1759 1390 2291 1468 sententiarumque
2308 1436 2328 1466 ,
2367 1401 2437 1450 aa

459 1488 588 1548 olio
636 1508 710 1548 ex
762 1487 890 1546 alia
926 1497 1231 1557 nectatur,
1274 1493 1345 1545 ut
1378 1486 1526 1546 dicit
1559 1487 1831 1574 Cap519.
1866 1488 1969 1550 fin.
2006 1520 2092 1536 ——-
2118 1493 2271 1552 Tum
2303 1513 2437 1571 per·

459 1608 670 1670 peram
707 1588 1070 1648 Goerenzius
1097 1589 1252 1648 ratio
1277 1589 1586 1667 praetulit.
1671 1592 1877 1651 Oratio
1905 1591 2127 1675 (λόγος)
2156 1596 2436 1659 universa

459 1690 786 1771 disputatio
811 1697 898 1750 est
908 1736 926 1766 ‚
954 1689 1103 1772 (non
1128 1690 1596 1773 argumentatio)
1613 1701 1682 1753 ut
1697 1693 1837 1772 Cap.
1860 1694 1960 1771 12,
1978 1696 2080 1758 fin.
2097 1720 2113 1756 ε
2135 1701 2435 1760 cmlueio

455 1796 713 1856 meionis
744 1812 986 1873 prorsus
1017 1794 1095 1853 ab
1129 1794 1247 1855 hoe
1279 1794 1416 1857 loeo
1448 1796 1653 1857 aliena
1687 1806 1794 1859 est.
1874 1797 1970 1858 Sie
2004 1799 2131 1861 Fin.
2168 1800 2280 1876 IV,
2321 1801 2434 1878 28,

456 1896 570 1972 78,
607 1899 732 1957 iam
768 1898 931 1956 enim
960 1898 1348 1958 concludatur
1373 1900 1562 1959 oratio
1579 1945 1599 1975 ,
1640 1897 1684 1960 i.
1711 1919 1770 1961 e.
1796 1908 1918 1961 tota
1945 1921 2104 1983 quae
2130 1903 2247 1964 hoo
2279 1905 2437 1966 libro

452 2000 727 2059 instituta
768 2008 899 2059 erat
938 1999 1283 2077 disputatio.

536 2122 728 2162 errare
739 2148 759 2178 ,
815 2111 874 2160 et
922 2100 1199 2183 diligere)
1296 2101 1611 2162 Goerenzii
1660 2121 1839 2166 eausa
1884 2114 1948 2166 et
1988 2106 2284 2186 Wagneri
2311 2129 2436 2172 mo·

457 2205 756 2281 nendum,
784 2225 977 2264 errare
1005 2207 1500 2282 θεωὰμαρτάνειν
1519 2204 1712 2286 (unde
1740 2209 1976 2288 sapiens
1991 2211 2439 2295 ἀναμάρτητος),

458 2308 708 2390 diligere
753 2326 879 2367 eene
913 2306 1255 2367 Stoicorum
1292 2314 1689 2384 προσίεσθαι,
1732 2319 1801 2370 ut
1839 2312 2001 2391 apud
2034 2313 2203 2393 Diog.
2239 2317 2435 2377 Laert.

464 2410 608 2487 vn,
649 2410 760 2486 86,
801 2409 1140 2490 eodemque
1188 2407 1369 2470 modo
1411 2411 1842 2490 interpretatur
1888 2413 2096 2477 Cicero
2131 2416 2260 2479 Pin.
2305 2418 2433 2495 111,

463 2516 504 2575 6
521 2559 539 2590 ,
585 2514 679 2575 16.

540 2618 699 2701 quod
742 2619 802 2677 si
846 2620 982 2693 ius,
1042 2619 1222 2677 etiam
1262 2619 1505 2678 iustitio
1553 2621 1647 2679 eie
1692 2621 1762 2678 in
1806 2640 1876 2680 ea
1912 2621 2173 2700 reliquae
2207 2644 2434 2705 quoque

460 2725 706 2783 virtutes
738 2718 845 2801 —-)
923 2720 1087 2781 Bene
1137 2721 1441 2782 omittitur
1481 2733 1569 2783 ost
1613 2730 1744 2802 post
1780 2725 1878 2783 im
1893 2769 1911 2798 ,
1952 2724 2117 2803 quod
2158 2745 2282 2787 non
2317 2730 2432 2789 nisi

460 2825 529 2885 in
559 2823 971 2886 recentissimo
1001 2823 1193 2899 libro,
1223 2823 1392 2884 Leid.
1411 2823 1491 2899 Ι),
1520 2833 1626 2884 eat.
1672 2824 1749 2884 Si
1774 2824 1942 2899 hoec,
1970 2846 2127 2905 quae
2157 2836 2246 2888 est
2261 2829 2432 2909 wyt-

462 2927 770 2989 tenbachii
819 2926 1147 3002 eorrectio,
1188 2924 1582 2986 confirmatur
1616 2926 1829 2987 Ambr.
1859 2929 1918 3003 β.
1998 2928 2114 2987 Sed
2145 2949 2225 2989 ne
2259 2932 2329 2990 in
2363 2953 2434 2992 ea

461 3031 713 3111 quidem
762 3028 1086 3089 resecanda
1118 3036 1258 3089 sunt
1277 3075 1293 3101 ,
1336 3046 1707 3108 quamquam
1743 3049 1866 3089 non
1901 3030 2274 3107 spernendae
2318 3052 2435 3093 au-

460 3134 751 3196 ctoritatis
799 3132 943 3192 libri
1000 3133 1306 3193 omittunt.
1390 3131 1825 3210 corrigendum
1865 3133 2065 3211 potius
2104 3136 2193 3194 ita
2205 3178 2225 3210 ,
2265 3137 2432 3215 quod

458 3241 525 3299 in
564 3236 986 3301 concludendo
1027 3237 1292 3316 ponitur.

536 3345 597 3403 si
631 3345 763 3402 sine
789 3340 1060 3421 praemio
1095 3339 1388 3420 benignus
1429 3337 1540 3420 est)
1619 3337 1994 3400 Servandutn
2026 3344 2235 3421 putavi
2272 3344 2432 3409 beni·

451 3467 611 3528 gnus
630 3492 649 3522 ‚
688 3453 763 3505 ut
797 3463 871 3504 ex
905 3439 1149 3503 virtutis
1191 3442 1440 3502 nomine
1480 3442 1666 3503 horno
1699 3442 2103 3522 intelligatur}
2145 3464 2260 3506 nee
2294 3465 2436 3509 sane

458 3550 786 3609 liberatica
820 3547 946 3627 ipsu
974 3546 1235 3627 benigno
1270 3545 1395 3606 diei
1428 3552 1683 3624 poterat.
1706 3576 1791 3591 -
1820 3547 2167 3608 Praemium
2196 3556 2258 3608 et
2289 3569 2434 3610 mer-

460 3651 656 3712 oedem
703 3649 920 3730 putide
969 3648 1035 3708 h.
1084 3648 1128 3709 l.
1175 3647 1493 3728 distinguit
1540 3647 1938 3725 Geel-entius,
1992 3652 2164 3731 quasi
2197 3652 2355 3712 illud
2397 3673 2434 3712 a

458 3752 657 3813 dantis
703 3751 999 3831 penderet
1029 3751 1340 3812 voluntate
1357 3799 1377 3829 ,
1416 3752 1570 3811 haee
1604 3760 1769 3811 certa
1811 3759 1874 3812 et
1904 3755 2223 3815 constituta
2264 3763 2433 3816 esset.

462 3855 653 3928 Ecce,
708 3854 838 3914 Fin.
888 3853 989 3928 11,
1045 3852 1119 3914 31
1142 3899 1161 3929 ,
1217 3852 1333 3929 99,
1381 3854 1738 3933 probitatem
1784 3857 2148 3933 gratuitam,
2189 3876 2311 3914 non
2354 3889 2436 3902 -

445 3959 852 4041 proemiorum
903 3956 1263 4016 mercedibus
1313 3968 1632 4017 evocatam.
1714 3955 1948 4015 Dicitur
1991 3963 2322 4036 utrumque
2355 3958 2434 4018 de

458 4063 665 4122 fructu
711 4069 774 4121 et
821 4059 1086 4120 utilitate
1135 4080 1213 4120 ex
1262 4059 1467 4139 aliqua
1497 4079 1568 4119 re
1600 4059 1927 4139 speranda:
1971 4058 2131 4120 conf.
2168 4059 2296 4120 Fin.
2332 4060 2430 4137 11,

459 4166 567 4241 14,
612 4164 710 4227 45.
754 4163 1092 4225 Gronovius
1119 4162 1362 4224 Observ.
1398 4162 1493 4238 11,
1521 4161 1639 4239 25,
1669 4171 1728 4222 et
1761 4162 1840 4222 ad
1858 4161 2009 4225 Gen.
2026 4162 2096 4223 Ν.
2117 4164 2189 4223 A.
2209 4163 2331 4239 111,
2361 4163 2432 4241 8,
