3131 5032
1367 456 1493 529 151

405 659 596 729 (pudet
621 660 777 711 etism
807 658 979 728 loqui)
1015 658 1081 709 V.

396 750 712 802 erubeseunt
738 750 915 821 pudici
944 751 1097 801 etiem
1127 766 1164 801 x
1187 767 1245 801 ae
1275 749 1390 801 124.

473 843 590 893 126.
686 893 697 902 ,

392 944 447 985 nt
484 933 601 985 127.

399 1026 542 1096 (me)
583 1026 664 1078 10.
700 1028 779 1077 11.
810 1026 896 1078 39.
926 1027 1012 1077 58.
1047 1026 1135 1078 96.

392 1137 483 1172 me
516 1120 763 1171 nimirum
796 1119 882 1170 47.
924 1118 1038 1170 122.
1077 1117 1194 1171 124.
1222 1117 1341 1170 126.

392 1230 455 1264 ιο
485 1222 766 1278 mystarum
799 1208 842 1261 A
879 1210 919 1260 Β
953 1213 1032 1262 11.
1064 1210 1151 1263 65.

389 1320 453 1354 ιο
483 1313 767 1355 mestorum
797 1301 861 1353 t.

394 1411 456 1446 ee
502 1396 664 1445 nimis
710 1394 925 1444 istorum
963 1391 1006 1443 D
1048 1396 1092 1456 β
1122 1412 1156 1458 7
1191 1393 1273 1443 10.
1298 1393 1386 1445 39.

463 1487 552 1538 58.
585 1484 675 1537 96.
706 1484 769 1536 R.

521 1594 609 1648 Ψ.

392 1654 454 1688 ⁸0
482 1652 642 1721 Q?
673 1653 721 1687 ⁸·

393 1774 453 1807 ee
480 1773 565 1807 me
597 1757 771 1807 nimis·
783 1754 849 1807 V.

392 1865 499 1916 que
524 1847 692 1899 ullum
727 1845 774 1898 A
809 1848 889 1897 11.

394 1957 496 2010 que
526 1940 677 1990 illum
707 1939 764 1990 Β.

395 2033 487 2099 qui
529 2029 733 2081 nullum
781 2027 826 2081 C
874 2027 915 2079 D
953 2028 1032 2079 10.
1066 2027 1155 2079 39.
1185 2027 1272 2079 47.
1297 2025 1383 2078 48.

464 2123 553 2174 58.
584 2122 674 2173 65.
702 2120 789 2171 96.
829 2118 946 2170 120.
979 2118 1094 2170 122.
1129 2119 1383 2170 124.126.

468 2212 586 2263 127.
624 2212 666 2263 R
702 2212 761 2262 V.

397 2303 602 2356 nullum
630 2303 883 2355 iudicium
907 2309 949 2364 β
979 2302 1066 2354 39.
1089 2304 1176 2356 58.
1193 2303 1382 2356 65.96.

469 2396 586 2446 120.
626 2393 742 2447 127.

396 2486 602 2539 nullum
637 2505 691 2552 γ.

396 2597 426 2632 e
461 2581 649 2631 vitium
686 2578 768 2630 10.

396 2672 439 2723 si
473 2669 614 2739 quod
650 2669 727 2720 10.

394 2763 496 2813 nisi
540 2763 667 2811 vitio
709 2761 933 2829 ipserum
971 2756 1249 2810 multorum
1277 2776 1386 2829 pu-

463 2862 571 2904 tent
599 2851 663 2903 l).

396 2944 589 2997 iudicio
619 2944 705 2995 47.
733 2944 821 2995 48.
861 2943 974 2994 122.
1011 2940 1126 2993 124.
1147 2942 1265 2993 uo.

394 3046 622 3087 notatum
650 3044 831 3104 putant
856 3032 921 3086 G.

397 3126 564 3197 (ipso)
603 3128 683 3176 10.

392 3228 621 3269 notatum
654 3235 688 3281 γ
717 3218 780 3268 V.

392 3310 663 3360 multatum
697 3312 740 3369 ,θ
770 3306 867 3363 47..
885 3306 972 3358 48.
1008 3305 1124 3357 122.
1152 3305 1214 3357 11.

394 3388 621 3452 nouem
660 3399 742 3449 ιο.
778 3396 893 3448 120.
945 3395 1062 3448 122.
1115 3395 1380 3449 124126,

465 3491 580 3542 127.

389 3591 623 3633 notatum
650 3581 713 3631 B.

390 3672 600 3723 nullum
646 3671 833 3721 vitium
882 3671 1042 3721 vitare
1090 3670 1194 3720 nisi
1240 3669 1378 3721 vieio

461 3764 572 3832 ipso
601 3771 795 3813 mutato
827 3779 884 3813 α.

389 3863 573 3925 putent
600 3854 680 3904 10.

389 3944 597 3996 nullum
643 3941 892 3994 iudicium
932 3943 1089 3995 vitare
1122 3944 1223 3994 nisi
1253 3944 1379 3995 vitio

455 4039 570 4106 ipso
596 4044 825 4086 notatum
863 4034 920 4084 δ.

388 4128 643 4180 iudicium
700 4126 860 4176 vitare
892 4125 1017 4199 ‘nisi
1059 4126 1186 4177 vitio
1231 4125 1378 4177 mul-

453 4228 614 4270 tatum
653 4235 697 4263 ε.

1869 664 1900 729 ᾗ
1937 669 2023 719 51.

1448 859 1538 895 eos
1567 847 1688 913 quie
1716 845 1889 917 stu'pro
1923 848 1987 901 G.

1368 997 1379 1009 ·
1448 937 1540 1003 qui
1572 952 1600 985 e
1626 947 1798 1007 stupro
1829 939 1868 990 E
1900 959 1935 989 a
1971 940 2052 993 10.
2086 942 2173 995 39.
2205 941 2430 996 48.120.

1520 1027 1636 1079 124.
1671 1030 1785 1082 126.

1445 1131 1722 1187 arguentur
1756 1121 1796 1172 A
1831 1121 1868 1172 B
1903 1125 1983 1175 11.
2012 1125 2098 1178 65.

1445 1209 1611 1278 ipsam
1641 1213 1909 1265 infamiam
1943 1214 1985 1266 C
2022 1217 2100 1268 10.

1444 1313 1653 1371 propter
1680 1306 1754 1355 rei
1785 1306 2140 1358 fortitudinem
2172 1309 2215 1360 A
2235 1309 2272 1360 B
2291 1310 2329 1361 Ε
2351 1314 2435 1364 11.

1445 1393 1782 1446 formidinem
1813 1395 1856 1449 C
1889 1398 1926 1445 δ
1957 1399 2043 1450 65.
2072 1399 2160 1451 96.
2201 1401 2316 1454 127.

1444 1485 1783 1538 formidinem
1819 1489 1892 1539 rei
1929 1506 1985 1541 α.
2065 1539 2070 1544 .

1445 1592 1568 1626 nam
1599 1579 1690 1644 qui
1720 1577 1776 1629 id
1810 1591 1896 1631 aut
1933 1577 1976 1631 G
2011 1584 2068 1633 δ.

1445 1684 1567 1718 nem
1612 1669 1704 1736 qui
1749 1668 1803 1720 id
1846 1681 1931 1722 aut
1974 1672 2181 1725 laudere
2225 1673 2320 1726 rite
2350 1686 2437 1727 aut

1511 1759 1800 1829 vituperare
1835 1761 2050 1832 (potest)
2084 1765 2147 1816 E.

1441 1849 1642 1903 laudari
1673 1869 1700 1902 s
1727 1863 1777 1904 te
1812 1863 1898 1905 sut
1928 1873 1982 1918 r.

1448 1941 1584 2008 (aut)
1617 1941 1813 1993 laudari
1846 1962 1874 1995 s
1913 1954 1963 1997 te
1997 1945 2080 1998 10.

1443 2031 1637 2084 laudari
1676 2034 1790 2085 Tite
1820 2035 1907 2087 39.

1442 2125 1600 2193 possit
1635 2125 1714 2175 10.

1440 2215 1483 2266 si
1512 2215 1580 2266 ab
1609 2233 1672 2266 eo
1708 2226 1887 2267 nature
1915 2221 2179 2272 recesserit
2209 2220 2371 2274 ABG
2393 2222 2431 2273 Β

1513 2307 1550 2356 δ
1590 2307 1784 2358 10.11.
1820 2307 1906 2360 39.
1941 2309 2028 2361 65.
2065 2310 2179 2363 127.

1442 2395 1508 2446 sb
1537 2413 1600 2447 eo
1635 2408 1810 2449 natura
1842 2417 1877 2447 α
1910 2418 1943 2463 y
1976 2399 2044 2452 V.

1442 2490 1712 2540 accesseris
1738 2499 1799 2551 ρ’.

1443 2580 1509 2631 sb
1539 2597 1603 2631 eo
1633 2584 1904 2634 recesseris
1939 2583 2055 2637 120.

1442 2671 1584 2740 quod
1621 2671 1684 2723 ed
1715 2673 2029 2726 laudandum
2060 2675 2117 2729 B.

1442 2761 1570 2830 quid
1601 2774 1774 2814 autem
1800 2764 2113 2818 laudandum
2146 2768 2227 2820 10.

1443 2866 1553 2902 esse
1582 2863 1732 2921 putes
1763 2854 1843 2904 10.

1443 2942 1500 2991 in
1530 2946 1756 3013 eorporis
1781 2934 2053 3013 puritates
2082 2948 2144 3001 Ε.

1439 3034 1772 3103 perinsignes
1808 3036 1851 3089 C
1875 3038 2094 3091 deletur.

1440 3124 1755 3177 offensiones
1790 3126 1852 3178 E.

1439 3232 1507 3264 en
1528 3214 1829 3268 deformitas
1863 3217 1945 3272 10.

1439 3305 1746 3359 difformitss
1773 3308 1836 3361 Ε.

1437 3415 1556 3448 eum
1586 3397 1885 3452 deformitas
1915 3400 1980 3453 V.

1438 3488 1652 3541 habebit
1676 3508 1768 3542 eur
1792 3493 2054 3561 turpitudo
2085 3502 2147 3557 ,9.

1438 3595 1503 3629 ex
1535 3580 1700 3648 ipsius
1734 3581 1777 3632 A
1817 3581 1876 3634 B.

1438 3673 1552 3738 (ex)
1588 3673 1716 3740 ipsis
1749 3672 1788 3723 E
1820 3672 1908 3724 49.

1436 3773 1487 3813 et
1517 3764 1645 3831 ipsis
1676 3764 1816 3814 vitiis
1842 3766 1930 3816 58.

1434 3854 1634 3923 percipi
1666 3856 1711 3905 A
1741 3853 1778 3904 B
1809 3853 1852 3906 G
1885 3855 1924 3905 E
1956 3876 1989 3905 α
2028 3859 2106 3907 10.
2132 3860 2316 3913 11.39.
2336 3862 2422 3914 43.

1506 3945 1592 3996 65.
1630 3945 1744 3996 120.
1783 3945 1897 3997 127.
1932 3948 1994 3998 V.

1436 4036 1646 4087 inanius
1680 4037 1761 4087 10.

1436 4127 1729 4178 contentius
1757 4125 1799 4176 D
1830 4127 1892 4178 E.

1443 4216 1599 4286 (quid
1629 4218 1877 4269 abiectius
1903 4220 2159 4288 tarditate)
2192 4225 2276 4275 39.
